
	<record>
		<leader>00301cz   2200121n  4500</leader>
		<controlfield tag="001">sh 85024828 </controlfield>
		<controlfield tag="003">DLC</controlfield>
		<controlfield tag="005">20010904153651.0</controlfield>
		<controlfield tag="008">010717|| anannbabn          |n ana      </controlfield>
		<datafield tag="010" ind1=" " ind2=" ">
			<subfield code="a">sh 85024828 </subfield>
		</datafield>
		<datafield tag="040" ind1=" " ind2=" ">
			<subfield code="a">DLC</subfield>
			<subfield code="c">DLC</subfield>
			<subfield code="d">DLC</subfield>
		</datafield>
		<datafield tag="053" ind1=" " ind2="0">
			<subfield code="a">M2101.5</subfield>
		</datafield>
		<datafield tag="150" ind1=" " ind2=" ">
			<subfield code="a">Choruses, Sacred (Unison) with instrumental ensemble</subfield>
		</datafield>
	</record>