
	<record>
		<leader>01138cz   2200253n  4500</leader>
		<controlfield tag="001">sh 85029492 </controlfield>
		<controlfield tag="003">DLC</controlfield>
		<controlfield tag="005">20010904160459.0</controlfield>
		<controlfield tag="008">010723i| anannbabn          |b ana      </controlfield>
		<datafield tag="010" ind1=" " ind2=" ">
			<subfield code="a">sh 85029492 </subfield>
		</datafield>
		<datafield tag="040" ind1=" " ind2=" ">
			<subfield code="a">DLC</subfield>
			<subfield code="c">DLC</subfield>
			<subfield code="d">DLC</subfield>
			<subfield code="d">NNU</subfield>
		</datafield>
		<datafield tag="053" ind1=" " ind2="0">
			<subfield code="a">HV6773</subfield>
		</datafield>
		<datafield tag="150" ind1=" " ind2=" ">
			<subfield code="a">Computer crimes</subfield>
		</datafield>
		<datafield tag="450" ind1=" " ind2=" ">
			<subfield code="a">Computer fraud</subfield>
		</datafield>
		<datafield tag="450" ind1=" " ind2=" ">
			<subfield code="a">Computers</subfield>
			<subfield code="x">Law and legislation</subfield>
			<subfield code="x">Criminal provisions</subfield>
		</datafield>
		<datafield tag="450" ind1=" " ind2=" ">
			<subfield code="a">Computers and crime</subfield>
		</datafield>
		<datafield tag="450" ind1=" " ind2=" ">
			<subfield code="a">Cyber crimes</subfield>
		</datafield>
		<datafield tag="450" ind1=" " ind2=" ">
			<subfield code="a">Cybercrimes</subfield>
		</datafield>
		<datafield tag="450" ind1=" " ind2=" ">
			<subfield code="a">Electronic crimes (Computer crimes)</subfield>
		</datafield>
		<datafield tag="550" ind1=" " ind2=" ">
			<subfield code="w">g</subfield>
			<subfield code="a">Crime</subfield>
		</datafield>
		<datafield tag="550" ind1=" " ind2=" ">
			<subfield code="a">Privacy, Right of</subfield>
		</datafield>
		<datafield tag="670" ind1=" " ind2=" ">
			<subfield code="a">00351496: Adamski, A. Prawo kame komputerowe, c2000.</subfield>
		</datafield>
		<datafield tag="670" ind1=" " ind2=" ">
			<subfield code="a">Excite WWW directory of subjects, July 10, 2001</subfield>
			<subfield code="b">(cybercrimes; subcategory under Criminal, Branches of law, Law, Education)</subfield>
		</datafield>
		<datafield tag="670" ind1=" " ind2=" ">
			<subfield code="a">Electronic crime needs assessment for state and local law enforcement, 2001:</subfield>
			<subfield code="b">glossary, p. 41 (electronic crime includes but is not limited to fraud, theft, forgery, child pornography or exploitation, stalking, traditional white-collar crimes, privacy violations, illegal drug transactions, espionage, computer intrusions; no synonyms given)</subfield>
		</datafield>
	</record>