
	<record>
		<leader>00423cz   2200157n  4500</leader>
		<controlfield tag="001">sh 85035207 </controlfield>
		<controlfield tag="003">DLC</controlfield>
		<controlfield tag="005">20010904163338.0</controlfield>
		<controlfield tag="008">010724i| anannbabn          |a ana      </controlfield>
		<datafield tag="010" ind1=" " ind2=" ">
			<subfield code="a">sh 85035207 </subfield>
		</datafield>
		<datafield tag="040" ind1=" " ind2=" ">
			<subfield code="a">DLC</subfield>
			<subfield code="c">DLC</subfield>
			<subfield code="d">DLC</subfield>
		</datafield>
		<datafield tag="053" ind1=" " ind2="0">
			<subfield code="a">RC136.7</subfield>
		</datafield>
		<datafield tag="150" ind1=" " ind2=" ">
			<subfield code="a">Cysticercosis</subfield>
		</datafield>
		<datafield tag="450" ind1=" " ind2=" ">
			<subfield code="a">Cysticercus disease</subfield>
		</datafield>
		<datafield tag="550" ind1=" " ind2=" ">
			<subfield code="w">g</subfield>
			<subfield code="a">Cestode diseases</subfield>
		</datafield>
		<datafield tag="670" ind1=" " ind2=" ">
			<subfield code="a">Intl. dict. med. biol.</subfield>
			<subfield code="b">(cysticercosis, also called cysticercus disease)</subfield>
		</datafield>
	</record>