
	<record>
		<leader>00270cz   2200109n  4500</leader>
		<controlfield tag="001">sh 85035327 </controlfield>
		<controlfield tag="003">DLC</controlfield>
		<controlfield tag="005">20010905094850.0</controlfield>
		<controlfield tag="008">860211|| anannbabn          |n ana      </controlfield>
		<datafield tag="010" ind1=" " ind2=" ">
			<subfield code="a">sh 85035327 </subfield>
		</datafield>
		<datafield tag="040" ind1=" " ind2=" ">
			<subfield code="a">DLC</subfield>
			<subfield code="c">DLC</subfield>
		</datafield>
		<datafield tag="151" ind1=" " ind2=" ">
			<subfield code="a">Czechoslovakia</subfield>
			<subfield code="x">Politics and government</subfield>
			<subfield code="y">1938-1945</subfield>
		</datafield>
	</record>