
	<record>
		<leader>00644cz   2200229n  4500</leader>
		<controlfield tag="001">sh 85042675 </controlfield>
		<controlfield tag="003">DLC</controlfield>
		<controlfield tag="005">20010904162409.0</controlfield>
		<controlfield tag="008">010709i| anannbabn          |a ana      </controlfield>
		<datafield tag="010" ind1=" " ind2=" ">
			<subfield code="a">sh 85042675 </subfield>
		</datafield>
		<datafield tag="040" ind1=" " ind2=" ">
			<subfield code="a">DLC</subfield>
			<subfield code="c">DLC</subfield>
			<subfield code="d">DLC</subfield>
		</datafield>
		<datafield tag="053" ind1=" " ind2="0">
			<subfield code="a">MT80</subfield>
		</datafield>
		<datafield tag="150" ind1=" " ind2=" ">
			<subfield code="a">Embellishment (Music)</subfield>
		</datafield>
		<datafield tag="450" ind1=" " ind2=" ">
			<subfield code="a">Diminution (Music)</subfield>
		</datafield>
		<datafield tag="450" ind1=" " ind2=" ">
			<subfield code="a">Ornamentation (Music)</subfield>
		</datafield>
		<datafield tag="450" ind1=" " ind2=" ">
			<subfield code="a">Ornaments (Music)</subfield>
		</datafield>
		<datafield tag="550" ind1=" " ind2=" ">
			<subfield code="w">g</subfield>
			<subfield code="a">Music</subfield>
			<subfield code="x">Performance</subfield>
		</datafield>
		<datafield tag="550" ind1=" " ind2=" ">
			<subfield code="w">g</subfield>
			<subfield code="a">Performance practice (Music)</subfield>
		</datafield>
		<datafield tag="550" ind1=" " ind2=" ">
			<subfield code="a">Musical notation</subfield>
		</datafield>
		<datafield tag="550" ind1=" " ind2=" ">
			<subfield code="a">Variation (Music)</subfield>
		</datafield>
		<datafield tag="670" ind1=" " ind2=" ">
			<subfield code="a">Heim, N.M. Ornamentation for the clarinetist, c1993.</subfield>
		</datafield>
		<datafield tag="670" ind1=" " ind2=" ">
			<subfield code="a">Massin. De la variation, c2000.</subfield>
		</datafield>
	</record>