
	<record>
		<leader>00339cz   2200133n  4500</leader>
		<controlfield tag="001">sh 85044606 </controlfield>
		<controlfield tag="003">DLC</controlfield>
		<controlfield tag="005">20010904170152.0</controlfield>
		<controlfield tag="008">010724ic anannbabn          |a ana      </controlfield>
		<datafield tag="010" ind1=" " ind2=" ">
			<subfield code="a">sh 85044606 </subfield>
		</datafield>
		<datafield tag="040" ind1=" " ind2=" ">
			<subfield code="a">DLC</subfield>
			<subfield code="c">DLC</subfield>
			<subfield code="d">DLC</subfield>
		</datafield>
		<datafield tag="150" ind1=" " ind2=" ">
			<subfield code="a">Er hu and yang qin music</subfield>
		</datafield>
		<datafield tag="450" ind1=" " ind2=" ">
			<subfield code="w">nne</subfield>
			<subfield code="a">Erh hu and yang chʿin music</subfield>
		</datafield>
		<datafield tag="450" ind1=" " ind2=" ">
			<subfield code="a">Yang qin and er hu music</subfield>
		</datafield>
	</record>