
	<record>
		<leader>00705cz   2200181n  4500</leader>
		<controlfield tag="001">sh 85049599 </controlfield>
		<controlfield tag="003">DLC</controlfield>
		<controlfield tag="005">20010904172700.0</controlfield>
		<controlfield tag="008">010719i| anannbabn          |b ana      </controlfield>
		<datafield tag="010" ind1=" " ind2=" ">
			<subfield code="a">sh 85049599 </subfield>
		</datafield>
		<datafield tag="040" ind1=" " ind2=" ">
			<subfield code="a">DLC</subfield>
			<subfield code="c">DLC</subfield>
			<subfield code="d">DLC</subfield>
			<subfield code="d">WaU</subfield>
		</datafield>
		<datafield tag="053" ind1=" " ind2="0">
			<subfield code="a">QL737.R68</subfield>
			<subfield code="c">Zoology</subfield>
		</datafield>
		<datafield tag="150" ind1=" " ind2=" ">
			<subfield code="a">Flying squirrels</subfield>
		</datafield>
		<datafield tag="450" ind1=" " ind2=" ">
			<subfield code="a">Petauristinae</subfield>
		</datafield>
		<datafield tag="550" ind1=" " ind2=" ">
			<subfield code="w">g</subfield>
			<subfield code="a">Sciuridae</subfield>
		</datafield>
		<datafield tag="550" ind1=" " ind2=" ">
			<subfield code="w">g</subfield>
			<subfield code="a">Squirrels</subfield>
		</datafield>
		<datafield tag="670" ind1=" " ind2=" ">
			<subfield code="a">Am. heritage dict. of the Eng. lang., c2000</subfield>
			<subfield code="b">(flying squirrel: any of various nocturnal squirrels of the genera Pteromys, Petaurista, Glaucomys, and related genera, having membranes along each side of the body between the forelegs and hind legs that enable it to glide between trees)</subfield>
		</datafield>
		<datafield tag="675" ind1=" " ind2=" ">
			<subfield code="a">ITIS, July 19, 2001</subfield>
		</datafield>
	</record>