
	<record>
		<leader>01537cz   2200385n  4500</leader>
		<controlfield tag="001">sh 85055233 </controlfield>
		<controlfield tag="003">DLC</controlfield>
		<controlfield tag="005">20010904172854.0</controlfield>
		<controlfield tag="008">010719i| anannbabn          |a ana      </controlfield>
		<datafield tag="010" ind1=" " ind2=" ">
			<subfield code="a">sh 85055233 </subfield>
		</datafield>
		<datafield tag="040" ind1=" " ind2=" ">
			<subfield code="a">DLC</subfield>
			<subfield code="c">DLC</subfield>
			<subfield code="d">DLC</subfield>
			<subfield code="d">WaU</subfield>
		</datafield>
		<datafield tag="053" ind1=" " ind2="0">
			<subfield code="a">QL737.R68</subfield>
			<subfield code="c">Zoology</subfield>
		</datafield>
		<datafield tag="150" ind1=" " ind2=" ">
			<subfield code="a">Southern flying squirrel</subfield>
		</datafield>
		<datafield tag="450" ind1=" " ind2=" ">
			<subfield code="a">Glaucomys americana</subfield>
		</datafield>
		<datafield tag="450" ind1=" " ind2=" ">
			<subfield code="a">Glaucomys chontali</subfield>
		</datafield>
		<datafield tag="450" ind1=" " ind2=" ">
			<subfield code="a">Glaucomys cucullatus</subfield>
		</datafield>
		<datafield tag="450" ind1=" " ind2=" ">
			<subfield code="a">Glaucomys goldmani</subfield>
		</datafield>
		<datafield tag="450" ind1=" " ind2=" ">
			<subfield code="a">Glaucomys guerreroensis</subfield>
		</datafield>
		<datafield tag="450" ind1=" " ind2=" ">
			<subfield code="a">Glaucomys herreranus</subfield>
		</datafield>
		<datafield tag="450" ind1=" " ind2=" ">
			<subfield code="a">Glaucomys madrensis</subfield>
		</datafield>
		<datafield tag="450" ind1=" " ind2=" ">
			<subfield code="a">Glaucomys nebrascensis</subfield>
		</datafield>
		<datafield tag="450" ind1=" " ind2=" ">
			<subfield code="a">Glaucomys oaxacensis</subfield>
		</datafield>
		<datafield tag="450" ind1=" " ind2=" ">
			<subfield code="a">Glaucomys querceti</subfield>
		</datafield>
		<datafield tag="450" ind1=" " ind2=" ">
			<subfield code="a">Glaucomys saturatus</subfield>
		</datafield>
		<datafield tag="450" ind1=" " ind2=" ">
			<subfield code="a">Glaucomys silus</subfield>
		</datafield>
		<datafield tag="450" ind1=" " ind2=" ">
			<subfield code="a">Glaucomys texensis</subfield>
		</datafield>
		<datafield tag="450" ind1=" " ind2=" ">
			<subfield code="a">Glaucomys underwoodi</subfield>
		</datafield>
		<datafield tag="450" ind1=" " ind2=" ">
			<subfield code="a">Glaucomys virginianus</subfield>
		</datafield>
		<datafield tag="450" ind1=" " ind2=" ">
			<subfield code="w">nne</subfield>
			<subfield code="a">Glaucomys volans</subfield>
		</datafield>
		<datafield tag="450" ind1=" " ind2=" ">
			<subfield code="a">Glaucomys volucella</subfield>
		</datafield>
		<datafield tag="450" ind1=" " ind2=" ">
			<subfield code="a">Mus volans</subfield>
		</datafield>
		<datafield tag="550" ind1=" " ind2=" ">
			<subfield code="w">g</subfield>
			<subfield code="a">Glaucomys</subfield>
		</datafield>
		<datafield tag="670" ind1=" " ind2=" ">
			<subfield code="a">ITIS, July 19, 2001</subfield>
			<subfield code="b">(Glaucomys volans, southern flying squirrel. Synonym: Mus volans)</subfield>
		</datafield>
		<datafield tag="670" ind1=" " ind2=" ">
			<subfield code="a">Revised checklist of North American mammals north of Mexico, 1997, via WWW, July 19, 2001</subfield>
			<subfield code="b">(Glaucomys volans, Southern Flying Squirrel)</subfield>
		</datafield>
		<datafield tag="670" ind1=" " ind2=" ">
			<subfield code="a">Mammal species of the world, via WWW, July 19, 2001</subfield>
			<subfield code="b">(Glaucomys volans. Common name: Southern Flying Squirrel. Synonyms: americana, chontali, cucullatus, goldmani, guerreroensis, herreranus, madrensis, nebrascensis, oaxacensis, querceti, saturatus, silus, texensis, underwoodi, virginianus, volucella)</subfield>
		</datafield>
	</record>