
	<record>
		<leader>00657cz   2200169n  4500</leader>
		<controlfield tag="001">sh 85062714 </controlfield>
		<controlfield tag="003">DLC</controlfield>
		<controlfield tag="005">20010904153532.0</controlfield>
		<controlfield tag="008">010726ic anannbabn          |a ana      </controlfield>
		<datafield tag="010" ind1=" " ind2=" ">
			<subfield code="a">sh 85062714 </subfield>
		</datafield>
		<datafield tag="040" ind1=" " ind2=" ">
			<subfield code="a">DLC</subfield>
			<subfield code="c">DLC</subfield>
			<subfield code="d">DLC</subfield>
		</datafield>
		<datafield tag="053" ind1=" " ind2="0">
			<subfield code="a">M59.C5</subfield>
		</datafield>
		<datafield tag="150" ind1=" " ind2=" ">
			<subfield code="a">Jing hu music</subfield>
		</datafield>
		<datafield tag="360" ind1=" " ind2=" ">
			<subfield code="a">headings for forms and types of music that include "jing hu" and headings for medium of performance that include "jing hu"</subfield>
		</datafield>
		<datafield tag="450" ind1=" " ind2=" ">
			<subfield code="w">nne</subfield>
			<subfield code="a">Ching hu music</subfield>
		</datafield>
		<datafield tag="450" ind1=" " ind2=" ">
			<subfield code="w">nne</subfield>
			<subfield code="a">Hu chʿin music</subfield>
		</datafield>
		<datafield tag="680" ind1=" " ind2=" ">
			<subfield code="i">Here are entered compositions not in a specific form or of a specific type for solo jing hu, and collections of compositions in several forms or types for solo jing hu.</subfield>
		</datafield>
	</record>