
	<record>
		<leader>00461cz   2200145n  4500</leader>
		<controlfield tag="001">sh 85066778 </controlfield>
		<controlfield tag="003">DLC</controlfield>
		<controlfield tag="005">20010904162555.0</controlfield>
		<controlfield tag="008">010709i| anannbabn          |n ana      </controlfield>
		<datafield tag="010" ind1=" " ind2=" ">
			<subfield code="a">sh 85066778 </subfield>
		</datafield>
		<datafield tag="040" ind1=" " ind2=" ">
			<subfield code="a">DLC</subfield>
			<subfield code="c">DLC</subfield>
			<subfield code="d">DLC</subfield>
		</datafield>
		<datafield tag="053" ind1=" " ind2="0">
			<subfield code="a">MT170</subfield>
		</datafield>
		<datafield tag="150" ind1=" " ind2=" ">
			<subfield code="a">Instrumental music</subfield>
			<subfield code="x">Instruction and study</subfield>
		</datafield>
		<datafield tag="360" ind1=" " ind2=" ">
			<subfield code="i">subdivision</subfield>
			<subfield code="a">Instruction and study</subfield>
			<subfield code="i">under individual musical instruments, e.g.</subfield>
			<subfield code="a">Piano--Instruction and study</subfield>
		</datafield>
		<datafield tag="670" ind1=" " ind2=" ">
			<subfield code="a">Massin. De la variation, c2000.</subfield>
		</datafield>
	</record>