
	<record>
		<leader>00404cz   2200145n  4500</leader>
		<controlfield tag="001">sh 85074562 </controlfield>
		<controlfield tag="003">DLC</controlfield>
		<controlfield tag="005">20010905094714.0</controlfield>
		<controlfield tag="008">860211i| anannbabn          |b ana      </controlfield>
		<datafield tag="010" ind1=" " ind2=" ">
			<subfield code="a">sh 85074562 </subfield>
		</datafield>
		<datafield tag="040" ind1=" " ind2=" ">
			<subfield code="a">DLC</subfield>
			<subfield code="c">DLC</subfield>
			<subfield code="d">DLC</subfield>
		</datafield>
		<datafield tag="150" ind1=" " ind2=" ">
			<subfield code="a">Language laboratories</subfield>
		</datafield>
		<datafield tag="450" ind1=" " ind2=" ">
			<subfield code="a">Foreign language laboratories</subfield>
		</datafield>
		<datafield tag="450" ind1=" " ind2=" ">
			<subfield code="a">Laboratories, Language</subfield>
		</datafield>
		<datafield tag="550" ind1=" " ind2=" ">
			<subfield code="a">Languages, Modern</subfield>
			<subfield code="x">Study and teaching</subfield>
			<subfield code="x">Audio-visual aids</subfield>
		</datafield>
	</record>