
	<record>
		<leader>00363cz   2200145n  4500</leader>
		<controlfield tag="001">sh 85076392 </controlfield>
		<controlfield tag="003">DLC</controlfield>
		<controlfield tag="005">20010910111507.0</controlfield>
		<controlfield tag="008">860211|| anannbabn          |a ana      </controlfield>
		<datafield tag="010" ind1=" " ind2=" ">
			<subfield code="a">sh 85076392 </subfield>
		</datafield>
		<datafield tag="040" ind1=" " ind2=" ">
			<subfield code="a">DLC</subfield>
			<subfield code="c">DLC</subfield>
			<subfield code="d">DLC</subfield>
		</datafield>
		<datafield tag="151" ind1=" " ind2=" ">
			<subfield code="a">Li-yü-tʿan Dam (Taiwan)</subfield>
		</datafield>
		<datafield tag="451" ind1=" " ind2=" ">
			<subfield code="w">nne</subfield>
			<subfield code="a">Liyutan Dam (Taiwan)</subfield>
		</datafield>
		<datafield tag="550" ind1=" " ind2=" ">
			<subfield code="w">g</subfield>
			<subfield code="a">Dams</subfield>
			<subfield code="z">Taiwan</subfield>
		</datafield>
		<datafield tag="781" ind1=" " ind2="0">
			<subfield code="z">Taiwan</subfield>
			<subfield code="z">Li-yü-tʿan Dam</subfield>
		</datafield>
	</record>