
	<record>
		<leader>00549dz   2200121n  4500</leader>
		<controlfield tag="001">sh 85084502 </controlfield>
		<controlfield tag="003">DLC</controlfield>
		<controlfield tag="005">20010904140402.0</controlfield>
		<controlfield tag="008">010720|| anannbabn          |n ana      </controlfield>
		<datafield tag="010" ind1=" " ind2=" ">
			<subfield code="a">sh 85084502 </subfield>
		</datafield>
		<datafield tag="040" ind1=" " ind2=" ">
			<subfield code="a">DLC</subfield>
			<subfield code="c">DLC</subfield>
			<subfield code="d">WaLyOCLC</subfield>
		</datafield>
		<datafield tag="150" ind1=" " ind2=" ">
			<subfield code="a">Mexican Americans</subfield>
			<subfield code="x">Education</subfield>
			<subfield code="x">Language arts, [etc.]</subfield>
		</datafield>
		<datafield tag="682" ind1=" " ind2=" ">
			<subfield code="i">This authority record has been deleted because the heading is covered by the subject heading</subfield>
			<subfield code="a">Mexican Americans--Education</subfield>
			<subfield code="i">(sh 85084501) and headings of the type [topic]--Study and teaching for which individual subject authority records are not made.</subfield>
		</datafield>
	</record>