
	<record>
		<leader>00783cz   2200217n  4500</leader>
		<controlfield tag="001">sh 85084855 </controlfield>
		<controlfield tag="003">DLC</controlfield>
		<controlfield tag="005">20010905121440.0</controlfield>
		<controlfield tag="008">010725i| anannbabn          |a ana      </controlfield>
		<datafield tag="010" ind1=" " ind2=" ">
			<subfield code="a">sh 85084855 </subfield>
		</datafield>
		<datafield tag="040" ind1=" " ind2=" ">
			<subfield code="a">DLC</subfield>
			<subfield code="c">DLC</subfield>
			<subfield code="d">DLC</subfield>
			<subfield code="d">WaU</subfield>
		</datafield>
		<datafield tag="053" ind1=" " ind2="0">
			<subfield code="a">QL668.E26</subfield>
			<subfield code="c">Zoology</subfield>
		</datafield>
		<datafield tag="150" ind1=" " ind2=" ">
			<subfield code="a">Microhylidae</subfield>
		</datafield>
		<datafield tag="450" ind1=" " ind2=" ">
			<subfield code="a">Microhylid frogs</subfield>
		</datafield>
		<datafield tag="450" ind1=" " ind2=" ">
			<subfield code="a">Microhylids</subfield>
		</datafield>
		<datafield tag="450" ind1=" " ind2=" ">
			<subfield code="a">Narrow-mouthed frogs</subfield>
		</datafield>
		<datafield tag="550" ind1=" " ind2=" ">
			<subfield code="w">g</subfield>
			<subfield code="a">Anura</subfield>
		</datafield>
		<datafield tag="550" ind1=" " ind2=" ">
			<subfield code="w">g</subfield>
			<subfield code="a">Frogs</subfield>
		</datafield>
		<datafield tag="670" ind1=" " ind2=" ">
			<subfield code="a">ITIS, July 25, 2001</subfield>
			<subfield code="b">(Microhylidae. Vernacular names: microhylids; microhylid frogs. Rank: Family. Usage: valid. Order: Anura)</subfield>
		</datafield>
		<datafield tag="670" ind1=" " ind2=" ">
			<subfield code="a">The tree of life, via WWW, July 25, 2001</subfield>
			<subfield code="b">(Microhylidae, Narrow-Mouthed Frogs; microhylids)</subfield>
		</datafield>
		<datafield tag="670" ind1=" " ind2=" ">
			<subfield code="a">Amphibian species of the world, via WWW, July 25, 2001</subfield>
			<subfield code="b">(family Microhylidae, order Anura)</subfield>
		</datafield>
	</record>