
	<record>
		<leader>00479cz   2200169n  4500</leader>
		<controlfield tag="001">sh 85088806 </controlfield>
		<controlfield tag="003">DLC</controlfield>
		<controlfield tag="005">20010904162845.0</controlfield>
		<controlfield tag="008">010709i| anannbabn          |a ana      </controlfield>
		<datafield tag="010" ind1=" " ind2=" ">
			<subfield code="a">sh 85088806 </subfield>
		</datafield>
		<datafield tag="040" ind1=" " ind2=" ">
			<subfield code="a">DLC</subfield>
			<subfield code="c">DLC</subfield>
			<subfield code="d">DLC</subfield>
		</datafield>
		<datafield tag="053" ind1=" " ind2="0">
			<subfield code="a">ML457</subfield>
		</datafield>
		<datafield tag="150" ind1=" " ind2=" ">
			<subfield code="a">Music</subfield>
			<subfield code="x">Performance</subfield>
		</datafield>
		<datafield tag="360" ind1=" " ind2=" ">
			<subfield code="i">subdivision</subfield>
			<subfield code="a">Performance</subfield>
			<subfield code="i">under individual musical instruments, e.g.</subfield>
			<subfield code="a">Piano--Performance</subfield>
		</datafield>
		<datafield tag="450" ind1=" " ind2=" ">
			<subfield code="a">Musical performance</subfield>
		</datafield>
		<datafield tag="550" ind1=" " ind2=" ">
			<subfield code="a">Concerts</subfield>
		</datafield>
		<datafield tag="670" ind1=" " ind2=" ">
			<subfield code="a">Massin. De la variation, c2000.</subfield>
		</datafield>
	</record>