
	<record>
		<leader>00299cz   2200133n  4500</leader>
		<controlfield tag="001">sh 85088941 </controlfield>
		<controlfield tag="003">DLC</controlfield>
		<controlfield tag="005">20010904151420.0</controlfield>
		<controlfield tag="008">010726i| anannbabn          |a ana      </controlfield>
		<datafield tag="010" ind1=" " ind2=" ">
			<subfield code="a">sh 85088941 </subfield>
		</datafield>
		<datafield tag="040" ind1=" " ind2=" ">
			<subfield code="a">DLC</subfield>
			<subfield code="c">DLC</subfield>
			<subfield code="d">DLC</subfield>
		</datafield>
		<datafield tag="150" ind1=" " ind2=" ">
			<subfield code="a">Music teachers</subfield>
		</datafield>
		<datafield tag="550" ind1=" " ind2=" ">
			<subfield code="w">g</subfield>
			<subfield code="a">Teachers</subfield>
		</datafield>
		<datafield tag="550" ind1=" " ind2=" ">
			<subfield code="a">Coaches (Music)</subfield>
		</datafield>
	</record>