
	<record>
		<leader>00302cz   2200133n  4500</leader>
		<controlfield tag="001">sh 85089659 </controlfield>
		<controlfield tag="003">DLC</controlfield>
		<controlfield tag="005">20010904171019.0</controlfield>
		<controlfield tag="008">010726i| anannbabn          |a ana      </controlfield>
		<datafield tag="010" ind1=" " ind2=" ">
			<subfield code="a">sh 85089659 </subfield>
		</datafield>
		<datafield tag="040" ind1=" " ind2=" ">
			<subfield code="a">DLC</subfield>
			<subfield code="c">DLC</subfield>
			<subfield code="d">DLC</subfield>
		</datafield>
		<datafield tag="150" ind1=" " ind2=" ">
			<subfield code="a">Nan hu</subfield>
		</datafield>
		<datafield tag="550" ind1=" " ind2=" ">
			<subfield code="w">g</subfield>
			<subfield code="a">Er hu</subfield>
		</datafield>
		<datafield tag="550" ind1=" " ind2=" ">
			<subfield code="w">g</subfield>
			<subfield code="a">Musical instruments</subfield>
			<subfield code="z">China</subfield>
		</datafield>
	</record>