
	<record>
		<leader>00410cz   2200121n  4500</leader>
		<controlfield tag="001">sh 85091599 </controlfield>
		<controlfield tag="003">DLC</controlfield>
		<controlfield tag="005">20010905120546.0</controlfield>
		<controlfield tag="008">010723i| anannbabn          |n ana      </controlfield>
		<datafield tag="010" ind1=" " ind2=" ">
			<subfield code="a">sh 85091599 </subfield>
		</datafield>
		<datafield tag="040" ind1=" " ind2=" ">
			<subfield code="a">DLC</subfield>
			<subfield code="c">DLC</subfield>
			<subfield code="d">DLC</subfield>
		</datafield>
		<datafield tag="150" ind1=" " ind2=" ">
			<subfield code="a">Newspapers</subfield>
			<subfield code="x">Conservation and restoration</subfield>
		</datafield>
		<datafield tag="681" ind1=" " ind2=" ">
			<subfield code="i">Example under</subfield>
			<subfield code="a">Preservation of materials;</subfield>
			<subfield code="i">and under references from</subfield>
			<subfield code="a">Conservation and restoration; Restoration and conservation</subfield>
		</datafield>
	</record>