
	<record>
		<leader>00512cz   2200181n  4500</leader>
		<controlfield tag="001">sh 85097314 </controlfield>
		<controlfield tag="003">DLC</controlfield>
		<controlfield tag="005">20010905120018.0</controlfield>
		<controlfield tag="008">010726ic anannbabn          |a ana      </controlfield>
		<datafield tag="010" ind1=" " ind2=" ">
			<subfield code="a">sh 85097314 </subfield>
		</datafield>
		<datafield tag="040" ind1=" " ind2=" ">
			<subfield code="a">DLC</subfield>
			<subfield code="c">DLC</subfield>
			<subfield code="d">DLC</subfield>
		</datafield>
		<datafield tag="053" ind1=" " ind2="0">
			<subfield code="a">MT335.P3</subfield>
			<subfield code="c">Instruction</subfield>
		</datafield>
		<datafield tag="150" ind1=" " ind2=" ">
			<subfield code="a">Ban hu</subfield>
		</datafield>
		<datafield tag="450" ind1=" " ind2=" ">
			<subfield code="a">Banhu</subfield>
		</datafield>
		<datafield tag="450" ind1=" " ind2=" ">
			<subfield code="w">nne</subfield>
			<subfield code="a">Pan hu</subfield>
		</datafield>
		<datafield tag="550" ind1=" " ind2=" ">
			<subfield code="w">g</subfield>
			<subfield code="a">Musical instruments</subfield>
			<subfield code="z">China</subfield>
		</datafield>
		<datafield tag="550" ind1=" " ind2=" ">
			<subfield code="w">g</subfield>
			<subfield code="a">Stringed instruments, Bowed</subfield>
		</datafield>
		<datafield tag="670" ind1=" " ind2=" ">
			<subfield code="a">New Grove dict. music. instr.</subfield>
			<subfield code="b">(Banhu (pan-hu); 2-string fiddle of the Han Chinese)</subfield>
		</datafield>
	</record>