
	<record>
		<leader>00933cz   2200145n  4500</leader>
		<controlfield tag="001">sh 85106451 </controlfield>
		<controlfield tag="003">DLC</controlfield>
		<controlfield tag="005">20010905120403.0</controlfield>
		<controlfield tag="008">010720i| anannbabn          |a ana      </controlfield>
		<datafield tag="010" ind1=" " ind2=" ">
			<subfield code="a">sh 85106451 </subfield>
		</datafield>
		<datafield tag="040" ind1=" " ind2=" ">
			<subfield code="a">DLC</subfield>
			<subfield code="c">DLC</subfield>
			<subfield code="d">DLC</subfield>
			<subfield code="d">WaU</subfield>
		</datafield>
		<datafield tag="150" ind1=" " ind2=" ">
			<subfield code="a">Preservation of materials</subfield>
		</datafield>
		<datafield tag="360" ind1=" " ind2=" ">
			<subfield code="i">subdivision</subfield>
			<subfield code="a">Collection and preservation</subfield>
			<subfield code="i">under kinds of natural objects, including plants, animals, and antiquities, for works on methods of collecting and preserving these objects, e.g.</subfield>
			<subfield code="a">Fishes--Collection and preservation;</subfield>
			<subfield code="i">subdivision</subfield>
			<subfield code="a">Conservation and restoration</subfield>
			<subfield code="i">under types of art objects, library materials, types of architecture, etc., for works on preserving and restoring these items, e.g.</subfield>
			<subfield code="a">Newspapers--Conservation and restoration;</subfield>
			<subfield code="i">and subdivision</subfield>
			<subfield code="a">Preservation</subfield>
			<subfield code="i">under perishable products, including types of foods, drugs, textiles, etc., e.g.</subfield>
			<subfield code="a">Corn--Preservation</subfield>
		</datafield>
		<datafield tag="450" ind1=" " ind2=" ">
			<subfield code="a">Collection and preservation</subfield>
		</datafield>
		<datafield tag="450" ind1=" " ind2=" ">
			<subfield code="a">Materials</subfield>
			<subfield code="x">Preservation</subfield>
		</datafield>
	</record>