
	<record>
		<leader>00605cz   2200145n  4500</leader>
		<controlfield tag="001">sh 85117108 </controlfield>
		<controlfield tag="003">DLC</controlfield>
		<controlfield tag="005">20010905120816.0</controlfield>
		<controlfield tag="008">010726ic anannbabn          |a ana      </controlfield>
		<datafield tag="010" ind1=" " ind2=" ">
			<subfield code="a">sh 85117108 </subfield>
		</datafield>
		<datafield tag="040" ind1=" " ind2=" ">
			<subfield code="a">DLC</subfield>
			<subfield code="c">DLC</subfield>
			<subfield code="d">DLC</subfield>
		</datafield>
		<datafield tag="150" ind1=" " ind2=" ">
			<subfield code="a">San xian music</subfield>
		</datafield>
		<datafield tag="360" ind1=" " ind2=" ">
			<subfield code="i">headings for forms and types of music that include "san xian" and headings with medium of performance that include "san xian"</subfield>
		</datafield>
		<datafield tag="450" ind1=" " ind2=" ">
			<subfield code="w">nne</subfield>
			<subfield code="a">San hsien music</subfield>
		</datafield>
		<datafield tag="680" ind1=" " ind2=" ">
			<subfield code="i">Here are entered compositions not in a specific form or of a specific type for solo san xian, and collections of compositions in several forms or types for solo san xian.</subfield>
		</datafield>
	</record>