
	<record>
		<leader>00333cz   2200133n  4500</leader>
		<controlfield tag="001">sh 85119941 </controlfield>
		<controlfield tag="003">DLC</controlfield>
		<controlfield tag="005">20010905111139.0</controlfield>
		<controlfield tag="008">860211|| anannbabn          |a ana      </controlfield>
		<datafield tag="010" ind1=" " ind2=" ">
			<subfield code="a">sh 85119941 </subfield>
		</datafield>
		<datafield tag="040" ind1=" " ind2=" ">
			<subfield code="a">DLC</subfield>
			<subfield code="c">DLC</subfield>
			<subfield code="d">DLC</subfield>
		</datafield>
		<datafield tag="150" ind1=" " ind2=" ">
			<subfield code="a">Seminole Indians</subfield>
			<subfield code="v">Treaties</subfield>
		</datafield>
		<datafield tag="450" ind1=" " ind2=" ">
			<subfield code="w">nne</subfield>
			<subfield code="a">Seminole Indians</subfield>
			<subfield code="v">Treaties, 1824</subfield>
		</datafield>
		<datafield tag="550" ind1=" " ind2=" ">
			<subfield code="w">g</subfield>
			<subfield code="a">Treaties</subfield>
		</datafield>
	</record>