
	<record>
		<leader>00469cz   2200169n  4500</leader>
		<controlfield tag="001">sh 85119966 </controlfield>
		<controlfield tag="003">DLC</controlfield>
		<controlfield tag="005">20010905121020.0</controlfield>
		<controlfield tag="008">010719i| anannbabn          |a ana      </controlfield>
		<datafield tag="010" ind1=" " ind2=" ">
			<subfield code="a">sh 85119966 </subfield>
		</datafield>
		<datafield tag="040" ind1=" " ind2=" ">
			<subfield code="a">DLC</subfield>
			<subfield code="c">DLC</subfield>
			<subfield code="d">DLC</subfield>
		</datafield>
		<datafield tag="053" ind1=" " ind2="0">
			<subfield code="a">PJ4121</subfield>
			<subfield code="b">PJ4129</subfield>
		</datafield>
		<datafield tag="150" ind1=" " ind2=" ">
			<subfield code="a">Semitic languages, Northwest</subfield>
		</datafield>
		<datafield tag="450" ind1=" " ind2=" ">
			<subfield code="a">Northern Central Semitic languages</subfield>
		</datafield>
		<datafield tag="450" ind1=" " ind2=" ">
			<subfield code="a">Northwest Semitic languages</subfield>
		</datafield>
		<datafield tag="450" ind1=" " ind2=" ">
			<subfield code="a">Northwestern Semitic languages</subfield>
		</datafield>
		<datafield tag="550" ind1=" " ind2=" ">
			<subfield code="w">g</subfield>
			<subfield code="a">Semitic languages, West</subfield>
		</datafield>
	</record>