
	<record>
		<leader>00262cz   2200109n  4500</leader>
		<controlfield tag="001">sh 85120426 </controlfield>
		<controlfield tag="003">DLC</controlfield>
		<controlfield tag="005">20010905111514.0</controlfield>
		<controlfield tag="008">860211|| anannbabn          |n ana      </controlfield>
		<datafield tag="010" ind1=" " ind2=" ">
			<subfield code="a">sh 85120426 </subfield>
		</datafield>
		<datafield tag="040" ind1=" " ind2=" ">
			<subfield code="a">DLC</subfield>
			<subfield code="c">DLC</subfield>
			<subfield code="d">DLC</subfield>
		</datafield>
		<datafield tag="150" ind1=" " ind2=" ">
			<subfield code="a">Seven Years' War, 1756-1763</subfield>
			<subfield code="v">Treaties</subfield>
		</datafield>
	</record>