
	<record>
		<leader>00269cz   2200133n  4500</leader>
		<controlfield tag="001">sh 85121283 </controlfield>
		<controlfield tag="003">DLC</controlfield>
		<controlfield tag="005">20010905095222.0</controlfield>
		<controlfield tag="008">860211|| anannbabn          |b ana      </controlfield>
		<datafield tag="010" ind1=" " ind2=" ">
			<subfield code="a">sh 85121283 </subfield>
		</datafield>
		<datafield tag="040" ind1=" " ind2=" ">
			<subfield code="a">DLC</subfield>
			<subfield code="c">DLC</subfield>
		</datafield>
		<datafield tag="053" ind1=" " ind2="0">
			<subfield code="a">TP938</subfield>
		</datafield>
		<datafield tag="150" ind1=" " ind2=" ">
			<subfield code="a">Shellac</subfield>
		</datafield>
		<datafield tag="550" ind1=" " ind2=" ">
			<subfield code="a">Lac</subfield>
		</datafield>
	</record>