
	<record>
		<leader>00710cz   2200301n  4500</leader>
		<controlfield tag="001">sh 85123814 </controlfield>
		<controlfield tag="003">DLC</controlfield>
		<controlfield tag="005">20010905121114.0</controlfield>
		<controlfield tag="008">010726ic anannbabn          |a ana      </controlfield>
		<datafield tag="010" ind1=" " ind2=" ">
			<subfield code="a">sh 85123814 </subfield>
		</datafield>
		<datafield tag="040" ind1=" " ind2=" ">
			<subfield code="a">DLC</subfield>
			<subfield code="c">DLC</subfield>
			<subfield code="d">DLC</subfield>
		</datafield>
		<datafield tag="053" ind1=" " ind2="0">
			<subfield code="a">MT377</subfield>
			<subfield code="c">Instruction</subfield>
		</datafield>
		<datafield tag="150" ind1=" " ind2=" ">
			<subfield code="a">Suo na</subfield>
		</datafield>
		<datafield tag="450" ind1=" " ind2=" ">
			<subfield code="a">Chi na</subfield>
		</datafield>
		<datafield tag="450" ind1=" " ind2=" ">
			<subfield code="a">Hiang te</subfield>
		</datafield>
		<datafield tag="450" ind1=" " ind2=" ">
			<subfield code="a">La pa</subfield>
		</datafield>
		<datafield tag="450" ind1=" " ind2=" ">
			<subfield code="a">So la</subfield>
		</datafield>
		<datafield tag="450" ind1=" " ind2=" ">
			<subfield code="w">nne</subfield>
			<subfield code="a">So na</subfield>
		</datafield>
		<datafield tag="450" ind1=" " ind2=" ">
			<subfield code="a">Sona</subfield>
		</datafield>
		<datafield tag="450" ind1=" " ind2=" ">
			<subfield code="a">Su-na</subfield>
		</datafield>
		<datafield tag="450" ind1=" " ind2=" ">
			<subfield code="a">Suona</subfield>
		</datafield>
		<datafield tag="450" ind1=" " ind2=" ">
			<subfield code="a">Ta ti</subfield>
		</datafield>
		<datafield tag="450" ind1=" " ind2=" ">
			<subfield code="a">Wa wa erh</subfield>
		</datafield>
		<datafield tag="450" ind1=" " ind2=" ">
			<subfield code="a">Wu li wa</subfield>
		</datafield>
		<datafield tag="550" ind1=" " ind2=" ">
			<subfield code="w">g</subfield>
			<subfield code="a">Musical instruments</subfield>
			<subfield code="z">China</subfield>
		</datafield>
		<datafield tag="550" ind1=" " ind2=" ">
			<subfield code="w">g</subfield>
			<subfield code="a">Oboe</subfield>
		</datafield>
		<datafield tag="550" ind1=" " ind2=" ">
			<subfield code="a">Tʿaepʿyŏngso</subfield>
		</datafield>
		<datafield tag="670" ind1=" " ind2=" ">
			<subfield code="a">New Grove dict. of mus. inst.</subfield>
			<subfield code="b">(suona: su-na: oboe of the Han Chinese)</subfield>
		</datafield>
	</record>