
	<record>
		<leader>00540cz   2200205n  4500</leader>
		<controlfield tag="001">sh 85125881 </controlfield>
		<controlfield tag="003">DLC</controlfield>
		<controlfield tag="005">20010905121351.0</controlfield>
		<controlfield tag="008">010719i| anannbabn          |a ana      </controlfield>
		<datafield tag="010" ind1=" " ind2=" ">
			<subfield code="a">sh 85125881 </subfield>
		</datafield>
		<datafield tag="040" ind1=" " ind2=" ">
			<subfield code="a">DLC</subfield>
			<subfield code="c">DLC</subfield>
			<subfield code="d">DLC</subfield>
		</datafield>
		<datafield tag="053" ind1=" " ind2="0">
			<subfield code="a">TP438.S6</subfield>
			<subfield code="c">Manufacture</subfield>
		</datafield>
		<datafield tag="053" ind1=" " ind2="0">
			<subfield code="a">TX407.S69</subfield>
			<subfield code="c">Nutrition</subfield>
		</datafield>
		<datafield tag="150" ind1=" " ind2=" ">
			<subfield code="a">Soy sauce</subfield>
		</datafield>
		<datafield tag="450" ind1=" " ind2=" ">
			<subfield code="a">Soy</subfield>
		</datafield>
		<datafield tag="450" ind1=" " ind2=" ">
			<subfield code="a">Soya sauce</subfield>
		</datafield>
		<datafield tag="550" ind1=" " ind2=" ">
			<subfield code="w">g</subfield>
			<subfield code="a">Fermented soyfoods</subfield>
		</datafield>
		<datafield tag="550" ind1=" " ind2=" ">
			<subfield code="w">g</subfield>
			<subfield code="a">Sauces</subfield>
		</datafield>
		<datafield tag="550" ind1=" " ind2=" ">
			<subfield code="a">Cookery (Soy sauce)</subfield>
		</datafield>
		<datafield tag="670" ind1=" " ind2=" ">
			<subfield code="a">Encarta world Eng. dict.</subfield>
			<subfield code="b">(soy: the soybean plant; food, soy sauce)</subfield>
		</datafield>
	</record>