
	<record>
		<leader>00710cz   2200241n  4500</leader>
		<controlfield tag="001">sh 85129759 </controlfield>
		<controlfield tag="003">DLC</controlfield>
		<controlfield tag="005">20010905121558.0</controlfield>
		<controlfield tag="008">010718i| anannbabn          |a ana      </controlfield>
		<datafield tag="010" ind1=" " ind2=" ">
			<subfield code="a">sh 85129759 </subfield>
		</datafield>
		<datafield tag="040" ind1=" " ind2=" ">
			<subfield code="a">DLC</subfield>
			<subfield code="c">DLC</subfield>
			<subfield code="d">DLC</subfield>
		</datafield>
		<datafield tag="150" ind1=" " ind2=" ">
			<subfield code="a">Suite (Music)</subfield>
		</datafield>
		<datafield tag="450" ind1=" " ind2=" ">
			<subfield code="a">Cassation</subfield>
		</datafield>
		<datafield tag="450" ind1=" " ind2=" ">
			<subfield code="a">Divertimento</subfield>
		</datafield>
		<datafield tag="450" ind1=" " ind2=" ">
			<subfield code="a">Nachtmusik</subfield>
		</datafield>
		<datafield tag="450" ind1=" " ind2=" ">
			<subfield code="a">Notturno</subfield>
		</datafield>
		<datafield tag="450" ind1=" " ind2=" ">
			<subfield code="a">Partita</subfield>
		</datafield>
		<datafield tag="450" ind1=" " ind2=" ">
			<subfield code="a">Serenade (Instrumental music)</subfield>
		</datafield>
		<datafield tag="450" ind1=" " ind2=" ">
			<subfield code="a">Suite (Music)</subfield>
			<subfield code="x">History and criticism</subfield>
		</datafield>
		<datafield tag="450" ind1=" " ind2=" ">
			<subfield code="a">Suites</subfield>
			<subfield code="x">History and criticism</subfield>
		</datafield>
		<datafield tag="550" ind1=" " ind2=" ">
			<subfield code="w">g</subfield>
			<subfield code="a">Musical form</subfield>
		</datafield>
		<datafield tag="680" ind1=" " ind2=" ">
			<subfield code="i">Here are entered works about the suite. Musical compositions in this form are entered under the heading</subfield>
			<subfield code="a">Suites.</subfield>
		</datafield>
		<datafield tag="681" ind1=" " ind2=" ">
			<subfield code="i">Note under</subfield>
			<subfield code="a">Suites</subfield>
		</datafield>
	</record>