
	<record>
		<leader>00336cz   2200133n  4500</leader>
		<controlfield tag="001">sh 85137826 </controlfield>
		<controlfield tag="003">DLC</controlfield>
		<controlfield tag="005">20010905120929.0</controlfield>
		<controlfield tag="008">010726ic anannbabn          |a ana      </controlfield>
		<datafield tag="010" ind1=" " ind2=" ">
			<subfield code="a">sh 85137826 </subfield>
		</datafield>
		<datafield tag="040" ind1=" " ind2=" ">
			<subfield code="a">DLC</subfield>
			<subfield code="c">DLC</subfield>
			<subfield code="d">DLC</subfield>
		</datafield>
		<datafield tag="053" ind1=" " ind2="0">
			<subfield code="a">M330</subfield>
			<subfield code="b">M334</subfield>
		</datafield>
		<datafield tag="150" ind1=" " ind2=" ">
			<subfield code="a">Trios (Piano, san xian, er hu)</subfield>
		</datafield>
		<datafield tag="450" ind1=" " ind2=" ">
			<subfield code="w">nne</subfield>
			<subfield code="a">Trios (Piano, san hsien, erh hu)</subfield>
		</datafield>
	</record>