
	<record>
		<leader>00260cz   2200109n  4500</leader>
		<controlfield tag="001">sh 85138797 </controlfield>
		<controlfield tag="003">DLC</controlfield>
		<controlfield tag="005">20010905123101.0</controlfield>
		<controlfield tag="008">860211|| anannbabn          |n ana      </controlfield>
		<datafield tag="010" ind1=" " ind2=" ">
			<subfield code="a">sh 85138797 </subfield>
		</datafield>
		<datafield tag="040" ind1=" " ind2=" ">
			<subfield code="a">DLC</subfield>
			<subfield code="c">DLC</subfield>
			<subfield code="d">DLC</subfield>
		</datafield>
		<datafield tag="151" ind1=" " ind2=" ">
			<subfield code="a">Turkey</subfield>
			<subfield code="x">Foreign relations</subfield>
			<subfield code="v">Treaties</subfield>
		</datafield>
	</record>