
	<record>
		<leader>00493cz   2200157n  4500</leader>
		<controlfield tag="001">sh 85140109 </controlfield>
		<controlfield tag="003">DLC</controlfield>
		<controlfield tag="005">20010905123532.0</controlfield>
		<controlfield tag="008">860211 | anannbabn          |b ana      </controlfield>
		<datafield tag="010" ind1=" " ind2=" ">
			<subfield code="a">sh 85140109 </subfield>
		</datafield>
		<datafield tag="040" ind1=" " ind2=" ">
			<subfield code="a">DLC</subfield>
			<subfield code="c">DLC</subfield>
			<subfield code="d">DLC</subfield>
		</datafield>
		<datafield tag="151" ind1=" " ind2=" ">
			<subfield code="a">United States</subfield>
			<subfield code="x">Foreign relations</subfield>
			<subfield code="x">Law and legislation</subfield>
		</datafield>
		<datafield tag="450" ind1=" " ind2=" ">
			<subfield code="a">Foreign relations law (United States)</subfield>
		</datafield>
		<datafield tag="550" ind1=" " ind2=" ">
			<subfield code="w">g</subfield>
			<subfield code="a">Economic assistance, American</subfield>
		</datafield>
		<datafield tag="550" ind1=" " ind2=" ">
			<subfield code="w">g</subfield>
			<subfield code="a">Technical assistance, American</subfield>
		</datafield>
		<datafield tag="551" ind1=" " ind2=" ">
			<subfield code="w">g</subfield>
			<subfield code="a">United States</subfield>
			<subfield code="x">Foreign relations</subfield>
			<subfield code="v">Treaties</subfield>
		</datafield>
	</record>