
	<record>
		<leader>00336cz   2200133n  4500</leader>
		<controlfield tag="001">sh 85140111 </controlfield>
		<controlfield tag="003">DLC</controlfield>
		<controlfield tag="005">20010905123450.0</controlfield>
		<controlfield tag="008">860211|| anannbabn          |b ana      </controlfield>
		<datafield tag="010" ind1=" " ind2=" ">
			<subfield code="a">sh 85140111 </subfield>
		</datafield>
		<datafield tag="040" ind1=" " ind2=" ">
			<subfield code="a">DLC</subfield>
			<subfield code="c">DLC</subfield>
			<subfield code="d">DLC</subfield>
		</datafield>
		<datafield tag="053" ind1=" " ind2="0">
			<subfield code="a">JK570</subfield>
			<subfield code="b">JK573</subfield>
		</datafield>
		<datafield tag="151" ind1=" " ind2=" ">
			<subfield code="a">United States</subfield>
			<subfield code="x">Foreign relations</subfield>
			<subfield code="v">Treaties</subfield>
		</datafield>
		<datafield tag="451" ind1=" " ind2=" ">
			<subfield code="a">United States</subfield>
			<subfield code="v">Treaties</subfield>
		</datafield>
	</record>