
	<record>
		<leader>00533cz   2200169n  4500</leader>
		<controlfield tag="001">sh 85141041 </controlfield>
		<controlfield tag="003">DLC</controlfield>
		<controlfield tag="005">20010905094747.0</controlfield>
		<controlfield tag="008">860211|| anannbabn          |b ana      </controlfield>
		<datafield tag="010" ind1=" " ind2=" ">
			<subfield code="a">sh 85141041 </subfield>
		</datafield>
		<datafield tag="040" ind1=" " ind2=" ">
			<subfield code="a">DLC</subfield>
			<subfield code="c">DLC</subfield>
			<subfield code="d">DLC</subfield>
		</datafield>
		<datafield tag="110" ind1="2" ind2=" ">
			<subfield code="a">United States Capitol (Washington, D.C.)</subfield>
		</datafield>
		<datafield tag="410" ind1="2" ind2=" ">
			<subfield code="a">Capitol, United States (Washington, D.C.)</subfield>
		</datafield>
		<datafield tag="410" ind1="2" ind2=" ">
			<subfield code="a">Capitol (Washington, D.C.)</subfield>
		</datafield>
		<datafield tag="410" ind1="2" ind2=" ">
			<subfield code="a">National Capitol (Washington, D.C.)</subfield>
		</datafield>
		<datafield tag="551" ind1=" " ind2=" ">
			<subfield code="w">g</subfield>
			<subfield code="a">United States</subfield>
			<subfield code="x">Capital and capitol</subfield>
		</datafield>
		<datafield tag="500" ind1="1" ind2=" ">
			<subfield code="a">Crawford, Thomas,</subfield>
			<subfield code="d">1813 or 14-1857.</subfield>
			<subfield code="t">Freedom</subfield>
		</datafield>
	</record>