
	<record>
		<leader>00412cz   2200157n  4500</leader>
		<controlfield tag="001">sh 85142096 </controlfield>
		<controlfield tag="003">DLC</controlfield>
		<controlfield tag="005">20010904163044.0</controlfield>
		<controlfield tag="008">010529i| anannbabn          |a ana      </controlfield>
		<datafield tag="010" ind1=" " ind2=" ">
			<subfield code="a">sh 85142096 </subfield>
		</datafield>
		<datafield tag="040" ind1=" " ind2=" ">
			<subfield code="a">DLC</subfield>
			<subfield code="c">DLC</subfield>
			<subfield code="d">DLC</subfield>
		</datafield>
		<datafield tag="150" ind1=" " ind2=" ">
			<subfield code="a">Variation (Music)</subfield>
		</datafield>
		<datafield tag="450" ind1=" " ind2=" ">
			<subfield code="a">Musical variation</subfield>
		</datafield>
		<datafield tag="450" ind1=" " ind2=" ">
			<subfield code="a">Variations</subfield>
			<subfield code="x">History and criticism</subfield>
		</datafield>
		<datafield tag="550" ind1=" " ind2=" ">
			<subfield code="a">Embellishment (Music)</subfield>
		</datafield>
		<datafield tag="670" ind1=" " ind2=" ">
			<subfield code="a">Massin. De la variation, c2000.</subfield>
		</datafield>
	</record>