
	<record>
		<leader>00356cz   2200145n  4500</leader>
		<controlfield tag="001">sh 85143814 </controlfield>
		<controlfield tag="003">DLC</controlfield>
		<controlfield tag="005">20010904163251.0</controlfield>
		<controlfield tag="008">010709|| anannbabn          |a ana      </controlfield>
		<datafield tag="010" ind1=" " ind2=" ">
			<subfield code="a">sh 85143814 </subfield>
		</datafield>
		<datafield tag="040" ind1=" " ind2=" ">
			<subfield code="a">DLC</subfield>
			<subfield code="c">DLC</subfield>
			<subfield code="d">DLC</subfield>
		</datafield>
		<datafield tag="053" ind1=" " ind2="0">
			<subfield code="a">ML3853</subfield>
			<subfield code="c">Interpretation</subfield>
		</datafield>
		<datafield tag="150" ind1=" " ind2=" ">
			<subfield code="a">Virtuosity in music</subfield>
		</datafield>
		<datafield tag="550" ind1=" " ind2=" ">
			<subfield code="w">g</subfield>
			<subfield code="a">Music</subfield>
		</datafield>
		<datafield tag="670" ind1=" " ind2=" ">
			<subfield code="a">Massin. De la variation, c2000.</subfield>
		</datafield>
	</record>