
	<record>
		<leader>00278cz   2200121n  4500</leader>
		<controlfield tag="001">sh 85146585 </controlfield>
		<controlfield tag="003">DLC</controlfield>
		<controlfield tag="005">20010905124050.0</controlfield>
		<controlfield tag="008">860211|| anannbabn          |a ana      </controlfield>
		<datafield tag="010" ind1=" " ind2=" ">
			<subfield code="a">sh 85146585 </subfield>
		</datafield>
		<datafield tag="040" ind1=" " ind2=" ">
			<subfield code="a">DLC</subfield>
			<subfield code="c">DLC</subfield>
			<subfield code="d">DLC</subfield>
		</datafield>
		<datafield tag="150" ind1=" " ind2=" ">
			<subfield code="a">Wichita Indians</subfield>
			<subfield code="v">Treaties</subfield>
		</datafield>
		<datafield tag="550" ind1=" " ind2=" ">
			<subfield code="w">g</subfield>
			<subfield code="a">Treaties</subfield>
		</datafield>
	</record>