
	<record>
		<leader>00295cz   2200121n  4500</leader>
		<controlfield tag="001">sh 85148511 </controlfield>
		<controlfield tag="003">DLC</controlfield>
		<controlfield tag="005">20010905124304.0</controlfield>
		<controlfield tag="008">860211|| anannbabn          |n ana      </controlfield>
		<datafield tag="010" ind1=" " ind2=" ">
			<subfield code="a">sh 85148511 </subfield>
		</datafield>
		<datafield tag="040" ind1=" " ind2=" ">
			<subfield code="a">DLC</subfield>
			<subfield code="c">DLC</subfield>
			<subfield code="d">DLC</subfield>
		</datafield>
		<datafield tag="150" ind1=" " ind2=" ">
			<subfield code="a">World War, 1939-1945</subfield>
			<subfield code="v">Treaties</subfield>
		</datafield>
		<datafield tag="681" ind1=" " ind2=" ">
			<subfield code="i">Example under</subfield>
			<subfield code="a">Treaties</subfield>
		</datafield>
	</record>