
	<record>
		<leader>00630cz   2200157n  4500</leader>
		<controlfield tag="001">sh 85148985 </controlfield>
		<controlfield tag="003">DLC</controlfield>
		<controlfield tag="005">20010905122018.0</controlfield>
		<controlfield tag="008">010724ic anannbabn          |a ana      </controlfield>
		<datafield tag="010" ind1=" " ind2=" ">
			<subfield code="a">sh 85148985 </subfield>
		</datafield>
		<datafield tag="040" ind1=" " ind2=" ">
			<subfield code="a">DLC</subfield>
			<subfield code="c">DLC</subfield>
			<subfield code="d">DLC</subfield>
		</datafield>
		<datafield tag="053" ind1=" " ind2="0">
			<subfield code="a">M175.Y3</subfield>
		</datafield>
		<datafield tag="150" ind1=" " ind2=" ">
			<subfield code="a">Yang qin music</subfield>
		</datafield>
		<datafield tag="360" ind1=" " ind2=" ">
			<subfield code="i">headings for forms and types of music that include "yang qin" and headings with medium of performance that include "yang qin"</subfield>
		</datafield>
		<datafield tag="450" ind1=" " ind2=" ">
			<subfield code="w">nne</subfield>
			<subfield code="a">Yang chʿin music</subfield>
		</datafield>
		<datafield tag="680" ind1=" " ind2=" ">
			<subfield code="i">Here are entered compositions not in a specific form or of a specific type for solo yang qin, and collections of compositions in several forms or types for solo yang qin.</subfield>
		</datafield>
	</record>