
	<record>
		<leader>00323cz   2200133n  4500</leader>
		<controlfield tag="001">sh 85148986 </controlfield>
		<controlfield tag="003">DLC</controlfield>
		<controlfield tag="005">20010905122057.0</controlfield>
		<controlfield tag="008">010724ic anannbabn          |a ana      </controlfield>
		<datafield tag="010" ind1=" " ind2=" ">
			<subfield code="a">sh 85148986 </subfield>
		</datafield>
		<datafield tag="040" ind1=" " ind2=" ">
			<subfield code="a">DLC</subfield>
			<subfield code="c">DLC</subfield>
			<subfield code="d">DLC</subfield>
		</datafield>
		<datafield tag="053" ind1=" " ind2="0">
			<subfield code="a">M1039.4.Y35</subfield>
		</datafield>
		<datafield tag="150" ind1=" " ind2=" ">
			<subfield code="a">Yang qin with orchestra</subfield>
		</datafield>
		<datafield tag="450" ind1=" " ind2=" ">
			<subfield code="w">nne</subfield>
			<subfield code="a">Yang chʿin with orchestra</subfield>
		</datafield>
	</record>