
	<record>
		<leader>00713cz   2200193n  4500</leader>
		<controlfield tag="001">sh 85149439 </controlfield>
		<controlfield tag="003">DLC</controlfield>
		<controlfield tag="005">20010905101920.0</controlfield>
		<controlfield tag="008">010124|c anannbabn          |a ana      </controlfield>
		<datafield tag="010" ind1=" " ind2=" ">
			<subfield code="a">sh 85149439 </subfield>
		</datafield>
		<datafield tag="040" ind1=" " ind2=" ">
			<subfield code="a">DLC</subfield>
			<subfield code="c">DLC</subfield>
			<subfield code="d">DLC</subfield>
		</datafield>
		<datafield tag="151" ind1=" " ind2=" ">
			<subfield code="a">Yuelu Mountain (China)</subfield>
		</datafield>
		<datafield tag="451" ind1=" " ind2=" ">
			<subfield code="w">nne</subfield>
			<subfield code="a">Yüeh-lu Mountains (China)</subfield>
		</datafield>
		<datafield tag="451" ind1=" " ind2=" ">
			<subfield code="w">nne</subfield>
			<subfield code="a">Yuelu Mountains (China)</subfield>
		</datafield>
		<datafield tag="451" ind1=" " ind2=" ">
			<subfield code="a">Yuelu Shan (China)</subfield>
		</datafield>
		<datafield tag="550" ind1=" " ind2=" ">
			<subfield code="w">g</subfield>
			<subfield code="a">Mountains</subfield>
			<subfield code="z">China</subfield>
		</datafield>
		<datafield tag="670" ind1=" " ind2=" ">
			<subfield code="a">GEOnet, Jan. 24, 2001</subfield>
			<subfield code="b">(Yuelu Shan, mt, 28₀11ʹ00ʺN 112₀56ʹ00ʺE)</subfield>
		</datafield>
		<datafield tag="670" ind1=" " ind2=" ">
			<subfield code="a">Changsha Foreign Trade &amp; Econ. Coop. Comm. web site, Jan. 24, 2001</subfield>
			<subfield code="b">(Yuelu Mountain is situated on the western bank of Xiang River in the old city of Changsha)</subfield>
		</datafield>
		<datafield tag="781" ind1=" " ind2="0">
			<subfield code="z">China</subfield>
			<subfield code="z">Yuelu Mountain</subfield>
		</datafield>
	</record>