
	<record>
		<leader>00620cz   2200205n  4500</leader>
		<controlfield tag="001">sh 86006364 </controlfield>
		<controlfield tag="003">DLC</controlfield>
		<controlfield tag="005">20010906132842.0</controlfield>
		<controlfield tag="008">001030|c anannbabn          |a ana      </controlfield>
		<datafield tag="010" ind1=" " ind2=" ">
			<subfield code="a">sh 86006364 </subfield>
		</datafield>
		<datafield tag="040" ind1=" " ind2=" ">
			<subfield code="a">DLC</subfield>
			<subfield code="c">DLC</subfield>
			<subfield code="d">DLC</subfield>
		</datafield>
		<datafield tag="151" ind1=" " ind2=" ">
			<subfield code="a">Yutai Mountain (China)</subfield>
		</datafield>
		<datafield tag="451" ind1=" " ind2=" ">
			<subfield code="w">nne</subfield>
			<subfield code="a">Yü-tʿai Mountain (China)</subfield>
		</datafield>
		<datafield tag="451" ind1=" " ind2=" ">
			<subfield code="a">Yü-tʿai shan (China)</subfield>
		</datafield>
		<datafield tag="451" ind1=" " ind2=" ">
			<subfield code="w">nne</subfield>
			<subfield code="a">Yutai Mountains (China)</subfield>
		</datafield>
		<datafield tag="451" ind1=" " ind2=" ">
			<subfield code="a">Yutai Shan (China)</subfield>
		</datafield>
		<datafield tag="550" ind1=" " ind2=" ">
			<subfield code="w">g</subfield>
			<subfield code="a">Mountains</subfield>
			<subfield code="z">China</subfield>
		</datafield>
		<datafield tag="670" ind1=" " ind2=" ">
			<subfield code="a">Work cat.: Chiang-ling Yü-tʿai shan Chʿu mu, 1984.</subfield>
		</datafield>
		<datafield tag="675" ind1=" " ind2=" ">
			<subfield code="a">Lippincott;</subfield>
			<subfield code="a">Rand McNally;</subfield>
			<subfield code="a">GEOnet, Oct. 30, 2000</subfield>
		</datafield>
		<datafield tag="781" ind1=" " ind2="0">
			<subfield code="z">China</subfield>
			<subfield code="z">Yutai Mountain</subfield>
		</datafield>
	</record>