
	<record>
		<leader>00781cz   2200217n  4500</leader>
		<controlfield tag="001">sh 87003943 </controlfield>
		<controlfield tag="003">DLC</controlfield>
		<controlfield tag="005">20010910111343.0</controlfield>
		<controlfield tag="008">000918|n anannbabn          |a ana      </controlfield>
		<datafield tag="010" ind1=" " ind2=" ">
			<subfield code="a">sh 87003943 </subfield>
		</datafield>
		<datafield tag="040" ind1=" " ind2=" ">
			<subfield code="a">DLC</subfield>
			<subfield code="c">DLC</subfield>
			<subfield code="d">DLC</subfield>
		</datafield>
		<datafield tag="151" ind1=" " ind2=" ">
			<subfield code="a">Chumbi Valley (China)</subfield>
		</datafield>
		<datafield tag="451" ind1=" " ind2=" ">
			<subfield code="w">nne</subfield>
			<subfield code="a">Chʾu-mu-pi Shan-ku (China)</subfield>
		</datafield>
		<datafield tag="451" ind1=" " ind2=" ">
			<subfield code="a">Chumubi Shan'gu (China)</subfield>
		</datafield>
		<datafield tag="451" ind1=" " ind2=" ">
			<subfield code="w">nne</subfield>
			<subfield code="a">Chumubi Valley (China)</subfield>
		</datafield>
		<datafield tag="550" ind1=" " ind2=" ">
			<subfield code="w">g</subfield>
			<subfield code="a">Valleys</subfield>
			<subfield code="z">China</subfield>
		</datafield>
		<datafield tag="670" ind1=" " ind2=" ">
			<subfield code="a">Work cat.: Zetland, L.J.L.D. Lands of the thunderbolt: Sikhim, Chumbi &amp; Bhutan, 1987.</subfield>
		</datafield>
		<datafield tag="670" ind1=" " ind2=" ">
			<subfield code="a">Col. gaz.</subfield>
			<subfield code="b">(Chumbi Valley in W. Assam Himalayas, Tibet)</subfield>
		</datafield>
		<datafield tag="670" ind1=" " ind2=" ">
			<subfield code="a">Web. geog.</subfield>
			<subfield code="b">(Chʾu-mu-pi Shan-ku, also Chumbi, fertile valley in the Himalayas, in S Tibet, China)</subfield>
		</datafield>
		<datafield tag="670" ind1=" " ind2=" ">
			<subfield code="a">Lippincott</subfield>
			<subfield code="b">(Chumbi Valley)</subfield>
		</datafield>
		<datafield tag="781" ind1=" " ind2="0">
			<subfield code="z">China</subfield>
			<subfield code="z">Chumbi Valley</subfield>
		</datafield>
	</record>