
	<record>
		<leader>01109cz   2200241n  4500</leader>
		<controlfield tag="001">sh 88001090 </controlfield>
		<controlfield tag="003">DLC</controlfield>
		<controlfield tag="005">20010905085215.0</controlfield>
		<controlfield tag="008">880224i| anannbabn          |a ana      </controlfield>
		<datafield tag="010" ind1=" " ind2=" ">
			<subfield code="a">sh 88001090 </subfield>
		</datafield>
		<datafield tag="040" ind1=" " ind2=" ">
			<subfield code="a">DLC</subfield>
			<subfield code="c">DLC</subfield>
			<subfield code="d">DLC</subfield>
			<subfield code="d">WaU</subfield>
		</datafield>
		<datafield tag="053" ind1=" " ind2="0">
			<subfield code="a">QK495.V53</subfield>
			<subfield code="c">Botany</subfield>
		</datafield>
		<datafield tag="150" ind1=" " ind2=" ">
			<subfield code="a">Western dwarf mistletoe</subfield>
		</datafield>
		<datafield tag="450" ind1=" " ind2=" ">
			<subfield code="w">nne</subfield>
			<subfield code="a">Arceuthobium campylopodum</subfield>
		</datafield>
		<datafield tag="550" ind1=" " ind2=" ">
			<subfield code="w">g</subfield>
			<subfield code="a">Dwarf mistletoes</subfield>
		</datafield>
		<datafield tag="670" ind1=" " ind2=" ">
			<subfield code="a">Work cat.: Hawksworth, F.G. Biology of dwarf mistletoes, 1984:</subfield>
			<subfield code="b">p. 3 (Arceuthobium campylopodum Engelm.)</subfield>
		</datafield>
		<datafield tag="670" ind1=" " ind2=" ">
			<subfield code="a">Scharpf, R.F. Dwarf mistletoe on sugar pine, 1968</subfield>
			<subfield code="b">(DNAL: Arceuthobium campylopodum)</subfield>
		</datafield>
		<datafield tag="670" ind1=" " ind2=" ">
			<subfield code="a">Cklist. vasc. flora.:</subfield>
			<subfield code="b">p. 284.</subfield>
		</datafield>
		<datafield tag="670" ind1=" " ind2=" ">
			<subfield code="a">National list of sci. plant names:</subfield>
			<subfield code="b">p. 92.</subfield>
		</datafield>
		<datafield tag="670" ind1=" " ind2=" ">
			<subfield code="a">Hawksworth, F.G. Dwarf mistletoes, 1996:</subfield>
			<subfield code="b">p. 198 (Arceuthobium campylopodum, Western dwarf mistletoe)</subfield>
		</datafield>
		<datafield tag="670" ind1=" " ind2=" ">
			<subfield code="a">Cresno, I. Vascular plants of western Washington, 1984:</subfield>
			<subfield code="b">p. 64 (Western dwarf mistletoe, Arceuthobium campylopodum)</subfield>
		</datafield>
		<datafield tag="670" ind1=" " ind2=" ">
			<subfield code="a">Niehaus, T. Field guide to Pacific States wildflowers, 1976:</subfield>
			<subfield code="b">p. 396 (Arceuthobium campylopodum, Western dwarf mistletoe)</subfield>
		</datafield>
		<datafield tag="675" ind1=" " ind2=" ">
			<subfield code="a">Web. 3</subfield>
		</datafield>
	</record>