
	<record>
		<leader>00626cz   2200193n  4500</leader>
		<controlfield tag="001">sh 89004761 </controlfield>
		<controlfield tag="003">DLC</controlfield>
		<controlfield tag="005">20010904152714.0</controlfield>
		<controlfield tag="008">010724i| anannbabn          |a ana      </controlfield>
		<datafield tag="010" ind1=" " ind2=" ">
			<subfield code="a">sh 89004761 </subfield>
		</datafield>
		<datafield tag="040" ind1=" " ind2=" ">
			<subfield code="a">DLC</subfield>
			<subfield code="c">DLC</subfield>
			<subfield code="d">DLC</subfield>
		</datafield>
		<datafield tag="053" ind1=" " ind2="0">
			<subfield code="a">SF967.C96</subfield>
		</datafield>
		<datafield tag="150" ind1=" " ind2=" ">
			<subfield code="a">Bovine cysticercosis</subfield>
		</datafield>
		<datafield tag="550" ind1=" " ind2=" ">
			<subfield code="w">g</subfield>
			<subfield code="a">Cattle</subfield>
			<subfield code="x">Infections</subfield>
		</datafield>
		<datafield tag="550" ind1=" " ind2=" ">
			<subfield code="w">g</subfield>
			<subfield code="a">Cysticercosis</subfield>
		</datafield>
		<datafield tag="670" ind1=" " ind2=" ">
			<subfield code="a">Work cat.: Blažek, K. Host responde to Cysticercus bovis infection, 1988</subfield>
			<subfield code="b">(bovine cysticercosis)</subfield>
		</datafield>
		<datafield tag="670" ind1=" " ind2=" ">
			<subfield code="a">Black's vet. dict.:</subfield>
			<subfield code="b">p. 573 (cysticercosis)</subfield>
		</datafield>
		<datafield tag="670" ind1=" " ind2=" ">
			<subfield code="a">Concise bet. dict.:</subfield>
			<subfield code="b">p. 210 (cysticercosis)</subfield>
		</datafield>
		<datafield tag="670" ind1=" " ind2=" ">
			<subfield code="a">Merk vet.:</subfield>
			<subfield code="b">p. 662 (cysticerosis)</subfield>
		</datafield>
	</record>