
	<record>
		<leader>00662cz   2200181n  4500</leader>
		<controlfield tag="001">sh 90004993 </controlfield>
		<controlfield tag="003">DLC</controlfield>
		<controlfield tag="005">20010905121757.0</controlfield>
		<controlfield tag="008">010723|| anannbabn          |a ana     c</controlfield>
		<datafield tag="010" ind1=" " ind2=" ">
			<subfield code="a">sh 90004993 </subfield>
			<subfield code="z">sh 96007078 </subfield>
		</datafield>
		<datafield tag="040" ind1=" " ind2=" ">
			<subfield code="a">DGPO</subfield>
			<subfield code="c">DLC</subfield>
			<subfield code="d">DLC</subfield>
		</datafield>
		<datafield tag="151" ind1=" " ind2=" ">
			<subfield code="a">TJ Ruin (N.M.)</subfield>
		</datafield>
		<datafield tag="451" ind1=" " ind2=" ">
			<subfield code="a">Heart-Bar Site (N.M.)</subfield>
		</datafield>
		<datafield tag="451" ind1=" " ind2=" ">
			<subfield code="w">nne</subfield>
			<subfield code="a">TJ Ruin Site (N.M.)</subfield>
		</datafield>
		<datafield tag="551" ind1=" " ind2=" ">
			<subfield code="w">g</subfield>
			<subfield code="a">New Mexico</subfield>
			<subfield code="x">Antiquities</subfield>
		</datafield>
		<datafield tag="670" ind1=" " ind2=" ">
			<subfield code="a">Work cat.: The TJ Ruin, Gila Cliff Dwellings National Monument, 1990:</subfield>
			<subfield code="b">t.p. (TJ Ruin, Gila Cliff Dwellings National Monument) cover (New Mexico) p. 1 (also known as Heart-Bar Site)</subfield>
		</datafield>
		<datafield tag="675" ind1=" " ind2=" ">
			<subfield code="a">Nat. pk. index;</subfield>
			<subfield code="a">GNIS, July 23, 2001</subfield>
		</datafield>
		<datafield tag="781" ind1=" " ind2="0">
			<subfield code="z">New Mexico</subfield>
			<subfield code="z">TJ Ruin</subfield>
		</datafield>
	</record>