
	<record>
		<leader>01208cz   2200289n  4500</leader>
		<controlfield tag="001">sh 91002791 </controlfield>
		<controlfield tag="003">DLC</controlfield>
		<controlfield tag="005">20010905121846.0</controlfield>
		<controlfield tag="008">010723i| anannbabn          |a ana      </controlfield>
		<datafield tag="010" ind1=" " ind2=" ">
			<subfield code="a">sh 91002791 </subfield>
		</datafield>
		<datafield tag="040" ind1=" " ind2=" ">
			<subfield code="a">DLC</subfield>
			<subfield code="c">DLC</subfield>
			<subfield code="d">DLC</subfield>
		</datafield>
		<datafield tag="053" ind1=" " ind2="0">
			<subfield code="a">RG104.7</subfield>
			<subfield code="c">Gynecology</subfield>
		</datafield>
		<datafield tag="150" ind1=" " ind2=" ">
			<subfield code="a">Laparoscopic surgery</subfield>
		</datafield>
		<datafield tag="450" ind1=" " ind2=" ">
			<subfield code="a">Minimally invasive surgery</subfield>
		</datafield>
		<datafield tag="450" ind1=" " ind2=" ">
			<subfield code="a">MIS (Minimally invasive surgery)</subfield>
		</datafield>
		<datafield tag="450" ind1=" " ind2=" ">
			<subfield code="a">Operative laparoscopy</subfield>
		</datafield>
		<datafield tag="450" ind1=" " ind2=" ">
			<subfield code="a">Operative peritoneoscopy</subfield>
		</datafield>
		<datafield tag="450" ind1=" " ind2=" ">
			<subfield code="a">Surgical laparoscopy</subfield>
		</datafield>
		<datafield tag="550" ind1=" " ind2=" ">
			<subfield code="w">g</subfield>
			<subfield code="a">Endoscopic surgery</subfield>
		</datafield>
		<datafield tag="550" ind1=" " ind2=" ">
			<subfield code="w">g</subfield>
			<subfield code="a">Laparoscopy</subfield>
		</datafield>
		<datafield tag="670" ind1=" " ind2=" ">
			<subfield code="a">Work cat.: Operative laparoscopy, 1992.</subfield>
		</datafield>
		<datafield tag="670" ind1=" " ind2=" ">
			<subfield code="a">Way, L.W. Changing therapy for gallstone disease. The New England journal of medicine, Nov. 1, 1990:</subfield>
			<subfield code="b">v. 323, n. 18, p. 1273.</subfield>
		</datafield>
		<datafield tag="670" ind1=" " ind2=" ">
			<subfield code="a">Adams, R.M. Smithsonian, "A technique originally developed for ovecoming human infertility may also help endangered species," Jan. 1989:</subfield>
			<subfield code="b">v. 19, n. 10, p. 12 (laparoscopy)</subfield>
		</datafield>
		<datafield tag="670" ind1=" " ind2=" ">
			<subfield code="a">ICD-9-CM:</subfield>
			<subfield code="b">v. 3, 66.2.</subfield>
		</datafield>
		<datafield tag="670" ind1=" " ind2=" ">
			<subfield code="a">Laparoscopic urologic surgery, 1993</subfield>
			<subfield code="b">(MIS, minimally invasive surgery)</subfield>
		</datafield>
		<datafield tag="670" ind1=" " ind2=" ">
			<subfield code="a">LC database, Jan. 5, 1993</subfield>
			<subfield code="b">(minimally invasive surgery) July 23, 2001 (titles: surgical laparoscopy)</subfield>
		</datafield>
		<datafield tag="675" ind1=" " ind2=" ">
			<subfield code="a">MESH</subfield>
		</datafield>
	</record>