
	<record>
		<leader>00333cz   2200133n  4500</leader>
		<controlfield tag="001">sh 93001810 </controlfield>
		<controlfield tag="003">DLC</controlfield>
		<controlfield tag="005">20010905173345.0</controlfield>
		<controlfield tag="008">930329|| anannbabn          |a ana      </controlfield>
		<datafield tag="010" ind1=" " ind2=" ">
			<subfield code="a">sh 93001810 </subfield>
		</datafield>
		<datafield tag="040" ind1=" " ind2=" ">
			<subfield code="a">DLC</subfield>
			<subfield code="c">DLC</subfield>
		</datafield>
		<datafield tag="151" ind1=" " ind2=" ">
			<subfield code="a">Umpqua River Watershed (Or.)</subfield>
		</datafield>
		<datafield tag="550" ind1=" " ind2=" ">
			<subfield code="w">g</subfield>
			<subfield code="a">Watersheds</subfield>
			<subfield code="z">Oregon</subfield>
		</datafield>
		<datafield tag="781" ind1=" " ind2="0">
			<subfield code="z">Oregon</subfield>
			<subfield code="z">Umpqua River Watershed</subfield>
		</datafield>
	</record>