
	<record>
		<leader>00434cz   2200145n  4500</leader>
		<controlfield tag="001">sh 93003253 </controlfield>
		<controlfield tag="003">DLC</controlfield>
		<controlfield tag="005">20010904064647.0</controlfield>
		<controlfield tag="008">930510|| anannbabn          |a ana     c</controlfield>
		<datafield tag="010" ind1=" " ind2=" ">
			<subfield code="a">sh 93003253 </subfield>
		</datafield>
		<datafield tag="040" ind1=" " ind2=" ">
			<subfield code="a">OrU</subfield>
			<subfield code="c">DLC</subfield>
			<subfield code="d">DLC</subfield>
		</datafield>
		<datafield tag="151" ind1=" " ind2=" ">
			<subfield code="a">Amazon Creek Watershed (Or.)</subfield>
		</datafield>
		<datafield tag="550" ind1=" " ind2=" ">
			<subfield code="w">g</subfield>
			<subfield code="a">Watersheds</subfield>
			<subfield code="z">Oregon</subfield>
		</datafield>
		<datafield tag="670" ind1=" " ind2=" ">
			<subfield code="a">Work cat.: Watershed work plan, lower Amazon and Flat Creek Watershed, 1965.</subfield>
		</datafield>
		<datafield tag="781" ind1=" " ind2="0">
			<subfield code="w">n</subfield>
			<subfield code="z">Oregon</subfield>
			<subfield code="z">Amazon Creek Watershed</subfield>
		</datafield>
	</record>