
	<record>
		<leader>00617cz   2200193n  4500</leader>
		<controlfield tag="001">sh 93005851 </controlfield>
		<controlfield tag="003">DLC</controlfield>
		<controlfield tag="005">20010904173044.0</controlfield>
		<controlfield tag="008">010726ic anannbabn          |a ana      </controlfield>
		<datafield tag="010" ind1=" " ind2=" ">
			<subfield code="a">sh 93005851 </subfield>
		</datafield>
		<datafield tag="040" ind1=" " ind2=" ">
			<subfield code="a">DLC</subfield>
			<subfield code="c">DLC</subfield>
			<subfield code="d">DLC</subfield>
		</datafield>
		<datafield tag="053" ind1=" " ind2="0">
			<subfield code="a">MT654.L58</subfield>
			<subfield code="c">Instruction</subfield>
		</datafield>
		<datafield tag="150" ind1=" " ind2=" ">
			<subfield code="a">Liu qin</subfield>
		</datafield>
		<datafield tag="450" ind1=" " ind2=" ">
			<subfield code="w">nne</subfield>
			<subfield code="a">Liu chʿin</subfield>
		</datafield>
		<datafield tag="550" ind1=" " ind2=" ">
			<subfield code="w">g</subfield>
			<subfield code="a">Lute</subfield>
		</datafield>
		<datafield tag="550" ind1=" " ind2=" ">
			<subfield code="w">g</subfield>
			<subfield code="a">Musical instruments</subfield>
			<subfield code="z">China</subfield>
		</datafield>
		<datafield tag="670" ind1=" " ind2=" ">
			<subfield code="a">Work cat.: 86124515: Liu chʿin yen sou fa, c1977</subfield>
			<subfield code="b">(liu chʿin; ill. has 4 strings)</subfield>
		</datafield>
		<datafield tag="670" ind1=" " ind2=" ">
			<subfield code="a">New Grove mus. inst.</subfield>
			<subfield code="b">(liuye qin; abbreviated liuqin; small lute of the Han Chinese; may have 2-4 strings)</subfield>
		</datafield>
		<datafield tag="675" ind1=" " ind2=" ">
			<subfield code="a">Marcuse</subfield>
		</datafield>
	</record>