
	<record>
		<leader>01041cz   2200157n  4500</leader>
		<controlfield tag="001">sh 93007024 </controlfield>
		<controlfield tag="003">DLC</controlfield>
		<controlfield tag="005">20010905094820.0</controlfield>
		<controlfield tag="008">930927|| anannbabn          |a ana      </controlfield>
		<datafield tag="010" ind1=" " ind2=" ">
			<subfield code="a">sh 93007024 </subfield>
		</datafield>
		<datafield tag="040" ind1=" " ind2=" ">
			<subfield code="a">DLC</subfield>
			<subfield code="c">DLC</subfield>
		</datafield>
		<datafield tag="053" ind1=" " ind2="0">
			<subfield code="a">BX8643.Z55</subfield>
		</datafield>
		<datafield tag="150" ind1=" " ind2=" ">
			<subfield code="a">Zion (Mormon Church)</subfield>
		</datafield>
		<datafield tag="550" ind1=" " ind2=" ">
			<subfield code="w">g</subfield>
			<subfield code="a">Mormon Church</subfield>
			<subfield code="x">Doctrines</subfield>
		</datafield>
		<datafield tag="670" ind1=" " ind2=" ">
			<subfield code="a">Work cat.: 93-36628: Morrison, A.B. Visions of Zion, c1993.</subfield>
		</datafield>
		<datafield tag="670" ind1=" " ind2=" ">
			<subfield code="a">Brewster, H.W. Doctrine and covenants encyc., c1988:</subfield>
			<subfield code="b">Art. "Zion", pp. 656-657 ("A place of Zion will only be established when a people of Zion are ready for occupancy ... Zion is a name given by the Lord to his covenant people, who are characterized by purity of heart and faithfulness in caring for the poor, the needy and the distressed ... In most instances, reference is made to a particular location ... the whole of America is Zion itself from north to south ... the Center Stake of Zion is Jackson County, Missouri ... specifically Independence, Missouri ... where a great temple will be built prior to the coming of Christ ...")</subfield>
		</datafield>
	</record>