
	<record>
		<leader>00251cz   2200109n  4500</leader>
		<controlfield tag="001">sh 93010019 </controlfield>
		<controlfield tag="003">DLC</controlfield>
		<controlfield tag="005">20010904104210.0</controlfield>
		<controlfield tag="008">921216i| anannbabn          |n ana      </controlfield>
		<datafield tag="010" ind1=" " ind2=" ">
			<subfield code="a">sh 93010019 </subfield>
		</datafield>
		<datafield tag="040" ind1=" " ind2=" ">
			<subfield code="a">DLC</subfield>
			<subfield code="c">DLC</subfield>
			<subfield code="d">DLC</subfield>
		</datafield>
		<datafield tag="150" ind1=" " ind2=" ">
			<subfield code="a">Buses</subfield>
			<subfield code="x">Motors</subfield>
			<subfield code="x">Exhaust gas</subfield>
		</datafield>
	</record>