
	<record>
		<leader>00531cz   2200169n  4500</leader>
		<controlfield tag="001">sh 94000540 </controlfield>
		<controlfield tag="003">DLC</controlfield>
		<controlfield tag="005">20010905120202.0</controlfield>
		<controlfield tag="008">010726i| anannbabn          |a ana      </controlfield>
		<datafield tag="010" ind1=" " ind2=" ">
			<subfield code="a">sh 94000540 </subfield>
		</datafield>
		<datafield tag="040" ind1=" " ind2=" ">
			<subfield code="a">DLC</subfield>
			<subfield code="c">DLC</subfield>
			<subfield code="d">DLC</subfield>
		</datafield>
		<datafield tag="053" ind1=" " ind2="0">
			<subfield code="a">MT335.H83</subfield>
			<subfield code="c">Instruction</subfield>
		</datafield>
		<datafield tag="150" ind1=" " ind2=" ">
			<subfield code="a">Hu hu</subfield>
		</datafield>
		<datafield tag="550" ind1=" " ind2=" ">
			<subfield code="w">g</subfield>
			<subfield code="a">Ban hu</subfield>
		</datafield>
		<datafield tag="550" ind1=" " ind2=" ">
			<subfield code="w">g</subfield>
			<subfield code="a">Musical instruments</subfield>
			<subfield code="z">China</subfield>
		</datafield>
		<datafield tag="670" ind1=" " ind2=" ">
			<subfield code="a">Work cat.: 91761883: Tung, W. Chin chü hu hu yen tsou fa, 1981.</subfield>
		</datafield>
		<datafield tag="670" ind1=" " ind2=" ">
			<subfield code="a">Chung-kuo yin yüeh tzʿu tien, 1984</subfield>
			<subfield code="b">(Hu hu; type of pan hu; used to accompany Shansi Opera)</subfield>
		</datafield>
	</record>