
	<record>
		<leader>00997cz   2200217n  4500</leader>
		<controlfield tag="001">sh 94000542 </controlfield>
		<controlfield tag="003">DLC</controlfield>
		<controlfield tag="005">20010919134746.0</controlfield>
		<controlfield tag="008">010726ic anannbabn          |a ana      </controlfield>
		<datafield tag="010" ind1=" " ind2=" ">
			<subfield code="a">sh 94000542 </subfield>
		</datafield>
		<datafield tag="040" ind1=" " ind2=" ">
			<subfield code="a">DLC</subfield>
			<subfield code="c">DLC</subfield>
			<subfield code="d">DLC</subfield>
		</datafield>
		<datafield tag="053" ind1=" " ind2="0">
			<subfield code="a">MT335.T3</subfield>
			<subfield code="c">Instruction</subfield>
		</datafield>
		<datafield tag="150" ind1=" " ind2=" ">
			<subfield code="a">Da tong</subfield>
		</datafield>
		<datafield tag="450" ind1=" " ind2=" ">
			<subfield code="w">nne</subfield>
			<subfield code="a">Ta tʿung</subfield>
		</datafield>
		<datafield tag="550" ind1=" " ind2=" ">
			<subfield code="w">g</subfield>
			<subfield code="a">Er hu</subfield>
		</datafield>
		<datafield tag="550" ind1=" " ind2=" ">
			<subfield code="w">g</subfield>
			<subfield code="a">Musical instruments</subfield>
			<subfield code="z">China</subfield>
		</datafield>
		<datafield tag="670" ind1=" " ind2=" ">
			<subfield code="a">Work cat.: 82129647: Pu, T. Hua ku hsi ta tʿung yen sou fa, c1979.</subfield>
		</datafield>
		<datafield tag="670" ind1=" " ind2=" ">
			<subfield code="a">Chung-kuo yin yüeh tzʿu tien, 1984:</subfield>
			<subfield code="b">p. 68 (Ta tʿung; type of erh hu; used in performances of Hunan flower drum drama)</subfield>
		</datafield>
		<datafield tag="670" ind1=" " ind2=" ">
			<subfield code="a">Zhonnghu yin yue ci dian, 1984:</subfield>
			<subfield code="b">p. 68 (Ta tSung; type of erh hu; used in performances of Hunan flower drum drama)</subfield>
		</datafield>
		<datafield tag="670" ind1=" " ind2=" ">
			<subfield code="a">Yin yue bai ke ci dian, 1998:</subfield>
			<subfield code="b">p. 111 (fiddle of Hunan Province; similar to er hu but larger; used to accompany Hunan flower drum drama)</subfield>
		</datafield>
		<datafield tag="675" ind1=" " ind2=" ">
			<subfield code="a">New Grove dict. musical instruments;</subfield>
			<subfield code="a">Lee, Y. Chinese musical instruments;</subfield>
			<subfield code="a">New Grove dict. of mus. online</subfield>
		</datafield>
	</record>