
	<record>
		<leader>00904cz   2200229n  4500</leader>
		<controlfield tag="001">sh 94000543 </controlfield>
		<controlfield tag="003">DLC</controlfield>
		<controlfield tag="005">20010919134429.0</controlfield>
		<controlfield tag="008">010726ic anannbabn          |a ana      </controlfield>
		<datafield tag="010" ind1=" " ind2=" ">
			<subfield code="a">sh 94000543 </subfield>
		</datafield>
		<datafield tag="040" ind1=" " ind2=" ">
			<subfield code="a">DLC</subfield>
			<subfield code="c">DLC</subfield>
			<subfield code="d">DLC</subfield>
		</datafield>
		<datafield tag="053" ind1=" " ind2="0">
			<subfield code="a">MT335.C58</subfield>
			<subfield code="c">Instruction</subfield>
		</datafield>
		<datafield tag="150" ind1=" " ind2=" ">
			<subfield code="a">Zhong hu</subfield>
		</datafield>
		<datafield tag="450" ind1=" " ind2=" ">
			<subfield code="w">nne</subfield>
			<subfield code="a">Chung hu</subfield>
		</datafield>
		<datafield tag="450" ind1=" " ind2=" ">
			<subfield code="a">Zhonghu</subfield>
		</datafield>
		<datafield tag="550" ind1=" " ind2=" ">
			<subfield code="w">g</subfield>
			<subfield code="a">Er hu</subfield>
		</datafield>
		<datafield tag="550" ind1=" " ind2=" ">
			<subfield code="w">g</subfield>
			<subfield code="a">Musical instruments</subfield>
			<subfield code="z">China</subfield>
		</datafield>
		<datafield tag="670" ind1=" " ind2=" ">
			<subfield code="a">Work cat.: 92755019: Liu, C. Su Wu, 1981</subfield>
			<subfield code="b">(Chung hu)</subfield>
		</datafield>
		<datafield tag="670" ind1=" " ind2=" ">
			<subfield code="a">New Grove dict. of mus. inst.:</subfield>
			<subfield code="b">under Erhu (Zhonghu (middle hu); an erhu of larger dimensions with an alto range)</subfield>
		</datafield>
		<datafield tag="670" ind1=" " ind2=" ">
			<subfield code="a">Chung-kuo yin yüeh tzʿu tien, 1984</subfield>
			<subfield code="b">(Chung hu)</subfield>
		</datafield>
		<datafield tag="670" ind1=" " ind2=" ">
			<subfield code="a">Zhongguo yin yue ci dian, 1984:</subfield>
			<subfield code="b">p. 508 ("Middle fiddle"; type of erhu)</subfield>
		</datafield>
		<datafield tag="670" ind1=" " ind2=" ">
			<subfield code="a">New Grove dict. of mus. online, Sept. 14, 2001:</subfield>
			<subfield code="b">under Huqin ("middle fiddle", type of erhu pitched a 5th below it; developed in the 1930s)</subfield>
		</datafield>
	</record>