
	<record>
		<leader>00998cz   2200217n  4500</leader>
		<controlfield tag="001">sh 94000922 </controlfield>
		<controlfield tag="003">DLC</controlfield>
		<controlfield tag="005">20010904172948.0</controlfield>
		<controlfield tag="008">010723 | anannbabn          |a ana     c</controlfield>
		<datafield tag="010" ind1=" " ind2=" ">
			<subfield code="a">sh 94000922 </subfield>
		</datafield>
		<datafield tag="040" ind1=" " ind2=" ">
			<subfield code="a">OCoLC</subfield>
			<subfield code="c">DLC</subfield>
			<subfield code="d">CaAE</subfield>
		</datafield>
		<datafield tag="150" ind1=" " ind2=" ">
			<subfield code="a">Clark, John (Fictitious character)</subfield>
		</datafield>
		<datafield tag="450" ind1=" " ind2=" ">
			<subfield code="a">Clark, Mister (Fictitious character)</subfield>
		</datafield>
		<datafield tag="450" ind1=" " ind2=" ">
			<subfield code="a">Clark, Mr. (Fictitious character)</subfield>
		</datafield>
		<datafield tag="450" ind1=" " ind2=" ">
			<subfield code="a">John Kelly (Fictitious character)</subfield>
		</datafield>
		<datafield tag="450" ind1=" " ind2=" ">
			<subfield code="w">nne</subfield>
			<subfield code="a">Kelly, John (Fictitious character)</subfield>
		</datafield>
		<datafield tag="450" ind1=" " ind2=" ">
			<subfield code="a">Mister Clark (Fictitious character)</subfield>
		</datafield>
		<datafield tag="450" ind1=" " ind2=" ">
			<subfield code="a">Mr. Clark (Fictitious character)</subfield>
		</datafield>
		<datafield tag="670" ind1=" " ind2=" ">
			<subfield code="a">Work cat.: Clancy, T. Without remorse, 1993</subfield>
			<subfield code="b">(John Kelly and variants)</subfield>
		</datafield>
		<datafield tag="670" ind1=" " ind2=" ">
			<subfield code="a">Clancy, T. Rainbow six, c1998:</subfield>
			<subfield code="b">jkt. (John Clark, the ex-Navy SEAL of Without remorse, well known from several of Clancy's novels...) (also appears in The cardinal of the Kremlin, Clear and present danger, The sum of all fears, and Debt of honor) (The name John Kelly only used in Without remorse)</subfield>
		</datafield>
		<datafield tag="675" ind1=" " ind2=" ">
			<subfield code="a">Hennepin</subfield>
		</datafield>
	</record>