
	<record>
		<leader>00342cz   2200133n  4500</leader>
		<controlfield tag="001">sh 94004678 </controlfield>
		<controlfield tag="003">DLC</controlfield>
		<controlfield tag="005">20010904064831.0</controlfield>
		<controlfield tag="008">940624|| anannbabn          |a ana     c</controlfield>
		<datafield tag="010" ind1=" " ind2=" ">
			<subfield code="a">sh 94004678 </subfield>
		</datafield>
		<datafield tag="040" ind1=" " ind2=" ">
			<subfield code="a">OrU</subfield>
			<subfield code="c">DLC</subfield>
			<subfield code="d">DLC</subfield>
		</datafield>
		<datafield tag="151" ind1=" " ind2=" ">
			<subfield code="a">McKenzie River Watershed (Or.)</subfield>
		</datafield>
		<datafield tag="550" ind1=" " ind2=" ">
			<subfield code="w">g</subfield>
			<subfield code="a">Watersheds</subfield>
			<subfield code="z">Oregon</subfield>
		</datafield>
		<datafield tag="781" ind1=" " ind2="0">
			<subfield code="z">Oregon</subfield>
			<subfield code="z">McKenzie River Watershed</subfield>
		</datafield>
	</record>