
	<record>
		<leader>00374cz   2200133n  4500</leader>
		<controlfield tag="001">sh 95000575 </controlfield>
		<controlfield tag="003">DLC</controlfield>
		<controlfield tag="005">20010905124340.0</controlfield>
		<controlfield tag="008">950126|| anannbabn          |a ana     c</controlfield>
		<datafield tag="010" ind1=" " ind2=" ">
			<subfield code="a">sh 95000575 </subfield>
		</datafield>
		<datafield tag="040" ind1=" " ind2=" ">
			<subfield code="a">MoSU-L</subfield>
			<subfield code="c">DLC</subfield>
			<subfield code="d">DLC</subfield>
		</datafield>
		<datafield tag="150" ind1=" " ind2=" ">
			<subfield code="a">Wyandot Indians</subfield>
			<subfield code="v">Treaties</subfield>
		</datafield>
		<datafield tag="550" ind1=" " ind2=" ">
			<subfield code="w">g</subfield>
			<subfield code="a">Treaties</subfield>
		</datafield>
		<datafield tag="670" ind1=" " ind2=" ">
			<subfield code="a">Work cat.: In the Senate of the United States, 1882:</subfield>
			<subfield code="b">p. 1 (Wyandott treaty)</subfield>
		</datafield>
	</record>