
	<record>
		<leader>00390cz   2200133n  4500</leader>
		<controlfield tag="001">sh 95003273 </controlfield>
		<controlfield tag="003">DLC</controlfield>
		<controlfield tag="005">20010905111913.0</controlfield>
		<controlfield tag="008">950420|| anannbabn          |a ana     c</controlfield>
		<datafield tag="010" ind1=" " ind2=" ">
			<subfield code="a">sh 95003273 </subfield>
		</datafield>
		<datafield tag="040" ind1=" " ind2=" ">
			<subfield code="a">MoSU-L</subfield>
			<subfield code="c">DLC</subfield>
			<subfield code="d">DLC</subfield>
		</datafield>
		<datafield tag="150" ind1=" " ind2=" ">
			<subfield code="a">Sinkiuse-Columbia Indians</subfield>
			<subfield code="v">Treaties</subfield>
		</datafield>
		<datafield tag="550" ind1=" " ind2=" ">
			<subfield code="w">g</subfield>
			<subfield code="a">Treaties</subfield>
		</datafield>
		<datafield tag="670" ind1=" " ind2=" ">
			<subfield code="a">Work cat.: Appropriation for Indian Service, 1884:</subfield>
			<subfield code="b">p. 1 (treaties with Columbias)</subfield>
		</datafield>
	</record>