
	<record>
		<leader>00439cz   2200133n  4500</leader>
		<controlfield tag="001">sh 95004627 </controlfield>
		<controlfield tag="003">DLC</controlfield>
		<controlfield tag="005">20010905123032.0</controlfield>
		<controlfield tag="008">950608|| anannbabn          |a ana     c</controlfield>
		<datafield tag="010" ind1=" " ind2=" ">
			<subfield code="a">sh 95004627 </subfield>
		</datafield>
		<datafield tag="040" ind1=" " ind2=" ">
			<subfield code="a">MoSU-L</subfield>
			<subfield code="c">DLC</subfield>
			<subfield code="d">DLC</subfield>
		</datafield>
		<datafield tag="150" ind1=" " ind2=" ">
			<subfield code="a">Tukuarika Indians</subfield>
			<subfield code="v">Treaties</subfield>
		</datafield>
		<datafield tag="550" ind1=" " ind2=" ">
			<subfield code="w">g</subfield>
			<subfield code="a">Treaties</subfield>
		</datafield>
		<datafield tag="670" ind1=" " ind2=" ">
			<subfield code="a">Work cat.: Fort Hall and Lemhi Reservations in Idaho, 1882:</subfield>
			<subfield code="b">p. 1 (treaty and agreement made with the Shoshones, Bannacks, and Sheepeaters)</subfield>
		</datafield>
	</record>