
	<record>
		<leader>00423cz   2200133n  4500</leader>
		<controlfield tag="001">sh 95005219 </controlfield>
		<controlfield tag="003">DLC</controlfield>
		<controlfield tag="005">20010904064927.0</controlfield>
		<controlfield tag="008">950621|| anannbabn          |a ana     c</controlfield>
		<datafield tag="010" ind1=" " ind2=" ">
			<subfield code="a">sh 95005219 </subfield>
		</datafield>
		<datafield tag="040" ind1=" " ind2=" ">
			<subfield code="a">OrU</subfield>
			<subfield code="c">DLC</subfield>
			<subfield code="d">DLC</subfield>
		</datafield>
		<datafield tag="151" ind1=" " ind2=" ">
			<subfield code="a">Pine Creek Watershed (Wheeler County, Or.)</subfield>
		</datafield>
		<datafield tag="550" ind1=" " ind2=" ">
			<subfield code="w">g</subfield>
			<subfield code="a">Watersheds</subfield>
			<subfield code="z">Oregon</subfield>
		</datafield>
		<datafield tag="670" ind1=" " ind2=" ">
			<subfield code="a">Work cat.: Endzweig, P.E. Late archaic variability and change on the southern Columbia Plateau, 1994.</subfield>
		</datafield>
	</record>