
	<record>
		<leader>00447cz   2200133n  4500</leader>
		<controlfield tag="001">sh 95005934 </controlfield>
		<controlfield tag="003">DLC</controlfield>
		<controlfield tag="005">20010904084838.0</controlfield>
		<controlfield tag="008">950717|| anannbabn          |a ana     c</controlfield>
		<datafield tag="010" ind1=" " ind2=" ">
			<subfield code="a">sh 95005934 </subfield>
		</datafield>
		<datafield tag="040" ind1=" " ind2=" ">
			<subfield code="a">MoSU-L</subfield>
			<subfield code="c">DLC</subfield>
			<subfield code="d">DLC</subfield>
		</datafield>
		<datafield tag="150" ind1=" " ind2=" ">
			<subfield code="a">Ottawa Indians</subfield>
			<subfield code="v">Treaties</subfield>
		</datafield>
		<datafield tag="550" ind1=" " ind2=" ">
			<subfield code="w">g</subfield>
			<subfield code="a">Treaties</subfield>
		</datafield>
		<datafield tag="670" ind1=" " ind2=" ">
			<subfield code="a">Work cat.: Ottawa University, Kansas, 1872:</subfield>
			<subfield code="b">p. 1 (treaty between the U.S. and said tribes of Indians, Ottawas of Blanchard's Fork and Roche de Boeuf)</subfield>
		</datafield>
	</record>