
	<record>
		<leader>00678cz   2200229n  4500</leader>
		<controlfield tag="001">sh 95006327 </controlfield>
		<controlfield tag="003">DLC</controlfield>
		<controlfield tag="005">20010905121304.0</controlfield>
		<controlfield tag="008">010726i| anannbabn          |a ana      </controlfield>
		<datafield tag="010" ind1=" " ind2=" ">
			<subfield code="a">sh 95006327 </subfield>
		</datafield>
		<datafield tag="040" ind1=" " ind2=" ">
			<subfield code="a">DLC</subfield>
			<subfield code="c">DLC</subfield>
			<subfield code="d">DLC</subfield>
		</datafield>
		<datafield tag="053" ind1=" " ind2="0">
			<subfield code="a">MT379.T34</subfield>
			<subfield code="c">Instruction</subfield>
		</datafield>
		<datafield tag="150" ind1=" " ind2=" ">
			<subfield code="a">Tʿaepʿyŏngso</subfield>
		</datafield>
		<datafield tag="450" ind1=" " ind2=" ">
			<subfield code="a">Hojŏk</subfield>
		</datafield>
		<datafield tag="450" ind1=" " ind2=" ">
			<subfield code="a">Nallari</subfield>
		</datafield>
		<datafield tag="450" ind1=" " ind2=" ">
			<subfield code="a">Saenap</subfield>
		</datafield>
		<datafield tag="450" ind1=" " ind2=" ">
			<subfield code="a">Swaenap</subfield>
		</datafield>
		<datafield tag="550" ind1=" " ind2=" ">
			<subfield code="w">g</subfield>
			<subfield code="a">Musical instruments</subfield>
			<subfield code="z">Korea</subfield>
		</datafield>
		<datafield tag="550" ind1=" " ind2=" ">
			<subfield code="w">g</subfield>
			<subfield code="a">Oboe</subfield>
		</datafield>
		<datafield tag="550" ind1=" " ind2=" ">
			<subfield code="a">Suo na</subfield>
		</datafield>
		<datafield tag="670" ind1=" " ind2=" ">
			<subfield code="a">Work cat.: 93130057: Chu, K. Saenap, 1986.</subfield>
		</datafield>
		<datafield tag="670" ind1=" " ind2=" ">
			<subfield code="a">New Grove mus. inst.</subfield>
			<subfield code="b">(tʾaepʾyŏngso; also called hojŏk, swaenap, or nallari; conical wooden oboe of Korea, related to the Chinese suona)</subfield>
		</datafield>
	</record>