
	<record>
		<leader>00450cz   2200145n  4500</leader>
		<controlfield tag="001">sh 95007309 </controlfield>
		<controlfield tag="003">DLC</controlfield>
		<controlfield tag="005">20010905111102.0</controlfield>
		<controlfield tag="008">950828|| anannbabn          |a ana     c</controlfield>
		<datafield tag="010" ind1=" " ind2=" ">
			<subfield code="a">sh 95007309 </subfield>
		</datafield>
		<datafield tag="040" ind1=" " ind2=" ">
			<subfield code="a">MoSU-L</subfield>
			<subfield code="c">DLC</subfield>
			<subfield code="d">DLC</subfield>
		</datafield>
		<datafield tag="150" ind1=" " ind2=" ">
			<subfield code="a">Sauk Indians</subfield>
			<subfield code="v">Treaties</subfield>
		</datafield>
		<datafield tag="550" ind1=" " ind2=" ">
			<subfield code="w">g</subfield>
			<subfield code="a">Treaties</subfield>
		</datafield>
		<datafield tag="670" ind1=" " ind2=" ">
			<subfield code="a">Work cat.: Untitled letter to L.Q.C. Lamar, 1886:</subfield>
			<subfield code="b">p. 1 (Sacs and Fox; treaty of 1843)</subfield>
		</datafield>
		<datafield tag="670" ind1=" " ind2=" ">
			<subfield code="a">LC database, 8/28/95</subfield>
			<subfield code="b">(hdg.: Sauk Indians--Treaties)</subfield>
		</datafield>
	</record>