
	<record>
		<leader>00411cz   2200133n  4500</leader>
		<controlfield tag="001">sh 95007313 </controlfield>
		<controlfield tag="003">DLC</controlfield>
		<controlfield tag="005">20010905123729.0</controlfield>
		<controlfield tag="008">950828|| anannbabn          |a ana     c</controlfield>
		<datafield tag="010" ind1=" " ind2=" ">
			<subfield code="a">sh 95007313 </subfield>
		</datafield>
		<datafield tag="040" ind1=" " ind2=" ">
			<subfield code="a">MoSU-L</subfield>
			<subfield code="c">DLC</subfield>
			<subfield code="d">DLC</subfield>
		</datafield>
		<datafield tag="150" ind1=" " ind2=" ">
			<subfield code="a">Ute Indians</subfield>
			<subfield code="v">Treaties</subfield>
		</datafield>
		<datafield tag="550" ind1=" " ind2=" ">
			<subfield code="w">g</subfield>
			<subfield code="a">Treaties</subfield>
		</datafield>
		<datafield tag="670" ind1=" " ind2=" ">
			<subfield code="a">Work cat.: Message from the President of the United States, 1880:</subfield>
			<subfield code="b">p. 1 (Ute Indians; an agreement with said Indians)</subfield>
		</datafield>
	</record>