
	<record>
		<leader>00397cz   2200133n  4500</leader>
		<controlfield tag="001">sh 95007322 </controlfield>
		<controlfield tag="003">DLC</controlfield>
		<controlfield tag="005">20010905123321.0</controlfield>
		<controlfield tag="008">950828|| anannbabn          |a ana     c</controlfield>
		<datafield tag="010" ind1=" " ind2=" ">
			<subfield code="a">sh 95007322 </subfield>
		</datafield>
		<datafield tag="040" ind1=" " ind2=" ">
			<subfield code="a">MoSU-L</subfield>
			<subfield code="c">DLC</subfield>
			<subfield code="d">DLC</subfield>
		</datafield>
		<datafield tag="150" ind1=" " ind2=" ">
			<subfield code="a">Uinta Indians</subfield>
			<subfield code="v">Treaties</subfield>
		</datafield>
		<datafield tag="550" ind1=" " ind2=" ">
			<subfield code="w">g</subfield>
			<subfield code="a">Treaties</subfield>
		</datafield>
		<datafield tag="670" ind1=" " ind2=" ">
			<subfield code="a">Work cat.: Treaty between the United States of America and the ... Uintah bands of Ute Indians, 1868.</subfield>
		</datafield>
	</record>