
	<record>
		<leader>00447cz   2200145n  4500</leader>
		<controlfield tag="001">sh 95007766 </controlfield>
		<controlfield tag="003">DLC</controlfield>
		<controlfield tag="005">20010905124417.0</controlfield>
		<controlfield tag="008">950918|| anannbabn          |a ana     c</controlfield>
		<datafield tag="010" ind1=" " ind2=" ">
			<subfield code="a">sh 95007766 </subfield>
		</datafield>
		<datafield tag="040" ind1=" " ind2=" ">
			<subfield code="a">MoSU-L</subfield>
			<subfield code="c">DLC</subfield>
			<subfield code="d">DLC</subfield>
		</datafield>
		<datafield tag="150" ind1=" " ind2=" ">
			<subfield code="a">Yakama Indians</subfield>
			<subfield code="v">Treaties</subfield>
		</datafield>
		<datafield tag="550" ind1=" " ind2=" ">
			<subfield code="w">g</subfield>
			<subfield code="a">Treaties</subfield>
		</datafield>
		<datafield tag="670" ind1=" " ind2=" ">
			<subfield code="a">Work cat.: Treaty between the United States and the Yakama Nation of Indians, 1966.</subfield>
		</datafield>
		<datafield tag="670" ind1=" " ind2=" ">
			<subfield code="a">PREMARC, 9/18/95</subfield>
			<subfield code="b">(hdg.: Yakima Indians--Treaties)</subfield>
		</datafield>
	</record>