
	<record>
		<leader>00478cz   2200133n  4500</leader>
		<controlfield tag="001">sh 95009206 </controlfield>
		<controlfield tag="003">DLC</controlfield>
		<controlfield tag="005">20010905123959.0</controlfield>
		<controlfield tag="008">951031|| anannbabn          |a ana     c</controlfield>
		<datafield tag="010" ind1=" " ind2=" ">
			<subfield code="a">sh 95009206 </subfield>
		</datafield>
		<datafield tag="040" ind1=" " ind2=" ">
			<subfield code="a">MoSU-L</subfield>
			<subfield code="c">DLC</subfield>
			<subfield code="d">DLC</subfield>
		</datafield>
		<datafield tag="150" ind1=" " ind2=" ">
			<subfield code="a">Wea Indians</subfield>
			<subfield code="v">Treaties</subfield>
		</datafield>
		<datafield tag="550" ind1=" " ind2=" ">
			<subfield code="w">g</subfield>
			<subfield code="a">Treaties</subfield>
		</datafield>
		<datafield tag="670" ind1=" " ind2=" ">
			<subfield code="a">Work cat.: To adjust and settle with certain Indians ... 1884:</subfield>
			<subfield code="b">p. 1 (Confederated Peoria, Kaskaskia, Wea, and Piankeshaw Indians, made under the treaty of 1867 with the United States)</subfield>
		</datafield>
	</record>