
	<record>
		<leader>00418cz   2200133n  4500</leader>
		<controlfield tag="001">sh 96000164 </controlfield>
		<controlfield tag="003">DLC</controlfield>
		<controlfield tag="005">20010905124527.0</controlfield>
		<controlfield tag="008">960105|| anannbabn          |a ana     c</controlfield>
		<datafield tag="010" ind1=" " ind2=" ">
			<subfield code="a">sh 96000164 </subfield>
		</datafield>
		<datafield tag="040" ind1=" " ind2=" ">
			<subfield code="a">MoSU-L</subfield>
			<subfield code="c">DLC</subfield>
			<subfield code="d">DLC</subfield>
		</datafield>
		<datafield tag="150" ind1=" " ind2=" ">
			<subfield code="a">Yankton Indians</subfield>
			<subfield code="v">Treaties</subfield>
		</datafield>
		<datafield tag="550" ind1=" " ind2=" ">
			<subfield code="w">g</subfield>
			<subfield code="a">Treaties</subfield>
		</datafield>
		<datafield tag="670" ind1=" " ind2=" ">
			<subfield code="a">Work cat.: Pipestone Indian Reservation, Minnesota, 1888:</subfield>
			<subfield code="b">p. 2 (treaty between the U.S. and the Yankton tribe of Sioux)</subfield>
		</datafield>
	</record>