
	<record>
		<leader>00372cz   2200133n  4500</leader>
		<controlfield tag="001">sh 96000168 </controlfield>
		<controlfield tag="003">DLC</controlfield>
		<controlfield tag="005">20010905122713.0</controlfield>
		<controlfield tag="008">960105|| anannbabn          |a ana     c</controlfield>
		<datafield tag="010" ind1=" " ind2=" ">
			<subfield code="a">sh 96000168 </subfield>
		</datafield>
		<datafield tag="040" ind1=" " ind2=" ">
			<subfield code="a">MoSU-L</subfield>
			<subfield code="c">DLC</subfield>
			<subfield code="d">DLC</subfield>
		</datafield>
		<datafield tag="150" ind1=" " ind2=" ">
			<subfield code="a">Skitswish Indians</subfield>
			<subfield code="v">Treaties</subfield>
		</datafield>
		<datafield tag="550" ind1=" " ind2=" ">
			<subfield code="w">g</subfield>
			<subfield code="a">Treaties</subfield>
		</datafield>
		<datafield tag="670" ind1=" " ind2=" ">
			<subfield code="a">Work cat.: Ratification of Coeur d'Alene Indian treaties in Idaho, 1890.</subfield>
		</datafield>
	</record>