
	<record>
		<leader>00581cz   2200169n  4500</leader>
		<controlfield tag="001">sh 96000795 </controlfield>
		<controlfield tag="003">DLC</controlfield>
		<controlfield tag="005">20010904173235.0</controlfield>
		<controlfield tag="008">010719 | anannbabn          |a ana      </controlfield>
		<datafield tag="010" ind1=" " ind2=" ">
			<subfield code="a">sh 96000795 </subfield>
		</datafield>
		<datafield tag="040" ind1=" " ind2=" ">
			<subfield code="a">DLC</subfield>
			<subfield code="c">DLC</subfield>
			<subfield code="d">DLC</subfield>
		</datafield>
		<datafield tag="100" ind1="3" ind2=" ">
			<subfield code="a">McCulley family</subfield>
		</datafield>
		<datafield tag="400" ind1="3" ind2=" ">
			<subfield code="a">McCully family</subfield>
		</datafield>
		<datafield tag="670" ind1=" " ind2=" ">
			<subfield code="a">Work cat.: 79007087: McCulley, W.S. The McCulley family tree : a history of Solomon and Sarah McCulley and some of their descendants to the eighth generation, 1968.</subfield>
		</datafield>
		<datafield tag="670" ind1=" " ind2=" ">
			<subfield code="a">00070197: The McCully train, c2000.</subfield>
		</datafield>
		<datafield tag="670" ind1=" " ind2=" ">
			<subfield code="a">Am. fam. names</subfield>
			<subfield code="b">(McCulley)</subfield>
		</datafield>
		<datafield tag="675" ind1=" " ind2=" ">
			<subfield code="a">Cent. pop. growth</subfield>
		</datafield>
	</record>