
	<record>
		<leader>00477cz   2200145n  4500</leader>
		<controlfield tag="001">sh 96000874 </controlfield>
		<controlfield tag="003">DLC</controlfield>
		<controlfield tag="005">20010905123923.0</controlfield>
		<controlfield tag="008">960129|| anannbabn          |a ana     c</controlfield>
		<datafield tag="010" ind1=" " ind2=" ">
			<subfield code="a">sh 96000874 </subfield>
		</datafield>
		<datafield tag="040" ind1=" " ind2=" ">
			<subfield code="a">MoSU-L</subfield>
			<subfield code="c">DLC</subfield>
			<subfield code="d">DLC</subfield>
		</datafield>
		<datafield tag="150" ind1=" " ind2=" ">
			<subfield code="a">Wasco Indians</subfield>
			<subfield code="v">Treaties</subfield>
		</datafield>
		<datafield tag="550" ind1=" " ind2=" ">
			<subfield code="w">g</subfield>
			<subfield code="a">Treaties</subfield>
		</datafield>
		<datafield tag="670" ind1=" " ind2=" ">
			<subfield code="a">Work cat.: Letter from the Secretary of the Interior, 1890:</subfield>
			<subfield code="b">p. 8 (treaty of June 25, 1855)</subfield>
		</datafield>
		<datafield tag="670" ind1=" " ind2=" ">
			<subfield code="a">Indian affairs, laws and treaties:</subfield>
			<subfield code="b">v. 2, p. 536 (June 25, 1855; Wascoes)</subfield>
		</datafield>
	</record>