
	<record>
		<leader>00366cz   2200133n  4500</leader>
		<controlfield tag="001">sh 96001896 </controlfield>
		<controlfield tag="003">DLC</controlfield>
		<controlfield tag="005">20010905111016.0</controlfield>
		<controlfield tag="008">960222|| anannbabn          |a ana      </controlfield>
		<datafield tag="010" ind1=" " ind2=" ">
			<subfield code="a">sh 96001896 </subfield>
		</datafield>
		<datafield tag="040" ind1=" " ind2=" ">
			<subfield code="a">DLC</subfield>
			<subfield code="c">DLC</subfield>
			<subfield code="d">DLC</subfield>
		</datafield>
		<datafield tag="150" ind1=" " ind2=" ">
			<subfield code="a">Salish Indians</subfield>
			<subfield code="v">Treaties</subfield>
		</datafield>
		<datafield tag="550" ind1=" " ind2=" ">
			<subfield code="w">g</subfield>
			<subfield code="a">Treaties</subfield>
		</datafield>
		<datafield tag="670" ind1=" " ind2=" ">
			<subfield code="a">Work cat.: 96-4730: In the name of the Salish and Kootenai nation, 1996.</subfield>
		</datafield>
	</record>