
	<record>
		<leader>00378cz   2200145n  4500</leader>
		<controlfield tag="001">sh 96002715 </controlfield>
		<controlfield tag="003">DLC</controlfield>
		<controlfield tag="005">20010905095320.0</controlfield>
		<controlfield tag="008">960311i| anannbabn          |a ana     c</controlfield>
		<datafield tag="010" ind1=" " ind2=" ">
			<subfield code="a">sh 96002715 </subfield>
		</datafield>
		<datafield tag="040" ind1=" " ind2=" ">
			<subfield code="a">UkENL</subfield>
			<subfield code="c">DLC</subfield>
		</datafield>
		<datafield tag="150" ind1=" " ind2=" ">
			<subfield code="a">Men's magazines</subfield>
		</datafield>
		<datafield tag="550" ind1=" " ind2=" ">
			<subfield code="w">g</subfield>
			<subfield code="a">Men's mass media</subfield>
		</datafield>
		<datafield tag="550" ind1=" " ind2=" ">
			<subfield code="w">g</subfield>
			<subfield code="a">Periodicals</subfield>
		</datafield>
		<datafield tag="670" ind1=" " ind2=" ">
			<subfield code="a">Work cat.: Key Note market report. Men's magazines, 1996.</subfield>
		</datafield>
	</record>