
	<record>
		<leader>00507cz   2200169n  4500</leader>
		<controlfield tag="001">sh 96003293 </controlfield>
		<controlfield tag="003">DLC</controlfield>
		<controlfield tag="005">20010904064711.0</controlfield>
		<controlfield tag="008">960325|| anannbabn          |a ana     c</controlfield>
		<datafield tag="010" ind1=" " ind2=" ">
			<subfield code="a">sh 96003293 </subfield>
		</datafield>
		<datafield tag="040" ind1=" " ind2=" ">
			<subfield code="a">OrU</subfield>
			<subfield code="c">DLC</subfield>
			<subfield code="d">DLC</subfield>
		</datafield>
		<datafield tag="151" ind1=" " ind2=" ">
			<subfield code="a">Hood River Watershed (Or.)</subfield>
		</datafield>
		<datafield tag="451" ind1=" " ind2=" ">
			<subfield code="a">Hood River Basin (Or.)</subfield>
		</datafield>
		<datafield tag="550" ind1=" " ind2=" ">
			<subfield code="w">g</subfield>
			<subfield code="a">Watersheds</subfield>
			<subfield code="z">Oregon</subfield>
		</datafield>
		<datafield tag="670" ind1=" " ind2=" ">
			<subfield code="a">Work cat.: Hood River production project, 1992.</subfield>
		</datafield>
		<datafield tag="675" ind1=" " ind2=" ">
			<subfield code="a">Oregon. State Water Resources Board. Hood Basin, 1965</subfield>
		</datafield>
		<datafield tag="781" ind1=" " ind2="0">
			<subfield code="z">Oregon</subfield>
			<subfield code="z">Hood River Watershed</subfield>
		</datafield>
	</record>