
	<record>
		<leader>00463cz   2200157n  4500</leader>
		<controlfield tag="001">sh 96003300 </controlfield>
		<controlfield tag="003">DLC</controlfield>
		<controlfield tag="005">20010904064753.0</controlfield>
		<controlfield tag="008">960325|| anannbabn          |a ana     c</controlfield>
		<datafield tag="010" ind1=" " ind2=" ">
			<subfield code="a">sh 96003300 </subfield>
		</datafield>
		<datafield tag="040" ind1=" " ind2=" ">
			<subfield code="a">OrU</subfield>
			<subfield code="c">DLC</subfield>
			<subfield code="d">DLC</subfield>
		</datafield>
		<datafield tag="151" ind1=" " ind2=" ">
			<subfield code="a">Kellogg Creek Watershed (Or.)</subfield>
		</datafield>
		<datafield tag="550" ind1=" " ind2=" ">
			<subfield code="w">g</subfield>
			<subfield code="a">Watersheds</subfield>
			<subfield code="z">Oregon</subfield>
		</datafield>
		<datafield tag="670" ind1=" " ind2=" ">
			<subfield code="a">Work cat.: Storm drainage study of the Kellogg Creek area, 1970.</subfield>
		</datafield>
		<datafield tag="675" ind1=" " ind2=" ">
			<subfield code="a">Web. geog.;</subfield>
			<subfield code="a">GNIS. Oregon</subfield>
		</datafield>
		<datafield tag="781" ind1=" " ind2="0">
			<subfield code="z">Oregon</subfield>
			<subfield code="z">Kellogg Creek Watershed</subfield>
		</datafield>
	</record>