
	<record>
		<leader>00511cz   2200169n  4500</leader>
		<controlfield tag="001">sh 96003734 </controlfield>
		<controlfield tag="003">DLC</controlfield>
		<controlfield tag="005">20010904064855.0</controlfield>
		<controlfield tag="008">960402|| anannbabn          |a ana     c</controlfield>
		<datafield tag="010" ind1=" " ind2=" ">
			<subfield code="a">sh 96003734 </subfield>
		</datafield>
		<datafield tag="040" ind1=" " ind2=" ">
			<subfield code="a">OrU</subfield>
			<subfield code="c">DLC</subfield>
			<subfield code="d">DLC</subfield>
		</datafield>
		<datafield tag="151" ind1=" " ind2=" ">
			<subfield code="a">Mosby Creek Watershed (Or.)</subfield>
		</datafield>
		<datafield tag="451" ind1=" " ind2=" ">
			<subfield code="a">Mosby Creek Basin (Or.)</subfield>
		</datafield>
		<datafield tag="550" ind1=" " ind2=" ">
			<subfield code="w">g</subfield>
			<subfield code="a">Watersheds</subfield>
			<subfield code="z">Oregon</subfield>
		</datafield>
		<datafield tag="670" ind1=" " ind2=" ">
			<subfield code="a">Work cat.: Changes in riparian vegetation and channel ... Mosby Creek Basin, Oregon, 1995.</subfield>
		</datafield>
		<datafield tag="675" ind1=" " ind2=" ">
			<subfield code="a">GNIS Oregon</subfield>
		</datafield>
		<datafield tag="781" ind1=" " ind2="0">
			<subfield code="z">Oregon</subfield>
			<subfield code="z">Mosby Creek Watershed</subfield>
		</datafield>
	</record>