
	<record>
		<leader>00662dz   2200169n  4500</leader>
		<controlfield tag="001">sh 96007078 </controlfield>
		<controlfield tag="003">DLC</controlfield>
		<controlfield tag="005">20010904140627.0</controlfield>
		<controlfield tag="008">010723|| anannbabn          |a ana      </controlfield>
		<datafield tag="010" ind1=" " ind2=" ">
			<subfield code="a">sh 96007078 </subfield>
		</datafield>
		<datafield tag="040" ind1=" " ind2=" ">
			<subfield code="a">DLC</subfield>
			<subfield code="c">DLC</subfield>
			<subfield code="d">DLC</subfield>
		</datafield>
		<datafield tag="151" ind1=" " ind2=" ">
			<subfield code="a">TJ Ruin Site (N.M.)</subfield>
		</datafield>
		<datafield tag="451" ind1=" " ind2=" ">
			<subfield code="a">Heart-Bar Site (N.M.)</subfield>
		</datafield>
		<datafield tag="551" ind1=" " ind2=" ">
			<subfield code="w">g</subfield>
			<subfield code="a">New Mexico</subfield>
			<subfield code="x">Antiquities</subfield>
		</datafield>
		<datafield tag="670" ind1=" " ind2=" ">
			<subfield code="a">Work cat.: 90600245: McKenna, P. TJ Ruin, 1989:</subfield>
			<subfield code="b">p. 1 (also knowns at Heart-Bar Site)</subfield>
		</datafield>
		<datafield tag="675" ind1=" " ind2=" ">
			<subfield code="a">Archaeo. atlas;</subfield>
			<subfield code="a">Coe, M. Atlas ancient America;</subfield>
			<subfield code="a">Hist. dict. No. Am. archaeo.</subfield>
		</datafield>
		<datafield tag="682" ind1=" " ind2=" ">
			<subfield code="i">This authority record has been deleted because the heading is covered by the subject heading</subfield>
			<subfield code="a">TJ Ruin (N.M.)</subfield>
			<subfield code="i">(sh 90004993).</subfield>
		</datafield>
	</record>