
	<record>
		<leader>00520cz   2200145n  4500</leader>
		<controlfield tag="001">sh 96007356 </controlfield>
		<controlfield tag="003">DLC</controlfield>
		<controlfield tag="005">20010904064603.0</controlfield>
		<controlfield tag="008">960624|| anannbabn          |a ana     c</controlfield>
		<datafield tag="010" ind1=" " ind2=" ">
			<subfield code="a">sh 96007356 </subfield>
		</datafield>
		<datafield tag="040" ind1=" " ind2=" ">
			<subfield code="a">OrU</subfield>
			<subfield code="c">DLC</subfield>
			<subfield code="d">DLC</subfield>
		</datafield>
		<datafield tag="151" ind1=" " ind2=" ">
			<subfield code="a">Alder Creek Watershed (Lane County, Or.)</subfield>
		</datafield>
		<datafield tag="550" ind1=" " ind2=" ">
			<subfield code="w">g</subfield>
			<subfield code="a">Watersheds</subfield>
			<subfield code="z">Oregon</subfield>
		</datafield>
		<datafield tag="670" ind1=" " ind2=" ">
			<subfield code="a">Work cat.: Morrison, P.H. Ecological and geomorphological consequences of mass movements in the Alder Creek watershed ... 1975.</subfield>
		</datafield>
		<datafield tag="675" ind1=" " ind2=" ">
			<subfield code="a">Web. geog.;</subfield>
			<subfield code="a">Nat. Geog. atlas;</subfield>
			<subfield code="a">Or. geog. names, 6th ed.</subfield>
		</datafield>
	</record>