
	<record>
		<leader>00675cz   2200169n  4500</leader>
		<controlfield tag="001">sh 96007543 </controlfield>
		<controlfield tag="003">DLC</controlfield>
		<controlfield tag="005">20010904064624.0</controlfield>
		<controlfield tag="008">960701|| anannbabn          |a ana     c</controlfield>
		<datafield tag="010" ind1=" " ind2=" ">
			<subfield code="a">sh 96007543 </subfield>
		</datafield>
		<datafield tag="040" ind1=" " ind2=" ">
			<subfield code="a">OrU</subfield>
			<subfield code="c">DLC</subfield>
			<subfield code="d">DLC</subfield>
		</datafield>
		<datafield tag="151" ind1=" " ind2=" ">
			<subfield code="a">Rogue River Watershed (Klamath County-Curry County, Or.)</subfield>
		</datafield>
		<datafield tag="451" ind1=" " ind2=" ">
			<subfield code="a">Rogue River Basin (Klamath County-Curry County, Or.)</subfield>
		</datafield>
		<datafield tag="451" ind1=" " ind2=" ">
			<subfield code="w">nne</subfield>
			<subfield code="a">Rogue River Watershed (Or.)</subfield>
		</datafield>
		<datafield tag="550" ind1=" " ind2=" ">
			<subfield code="w">g</subfield>
			<subfield code="a">Watersheds</subfield>
			<subfield code="z">Oregon</subfield>
		</datafield>
		<datafield tag="670" ind1=" " ind2=" ">
			<subfield code="a">Work cat.: Oregon. State Water Resources Board. In the matter of formulating an integrated coordinated program for the use and control of the water resources of the Rogue River Basin ... 1959.</subfield>
		</datafield>
		<datafield tag="675" ind1=" " ind2=" ">
			<subfield code="a">GNIS. Oregon</subfield>
		</datafield>
	</record>