
	<record>
		<leader>00331cz   2200121n  4500</leader>
		<controlfield tag="001">sh 96011968 </controlfield>
		<controlfield tag="003">DLC</controlfield>
		<controlfield tag="005">20010905120632.0</controlfield>
		<controlfield tag="008">010716i| anannbabn          |n ana      </controlfield>
		<datafield tag="010" ind1=" " ind2=" ">
			<subfield code="a">sh 96011968 </subfield>
		</datafield>
		<datafield tag="040" ind1=" " ind2=" ">
			<subfield code="a">DLC</subfield>
			<subfield code="c">DLC</subfield>
			<subfield code="d">DLC</subfield>
		</datafield>
		<datafield tag="150" ind1=" " ind2=" ">
			<subfield code="a">Regionalism in art</subfield>
		</datafield>
		<datafield tag="670" ind1=" " ind2=" ">
			<subfield code="a">91065402: American scene painting : California, 1930s and 1940s, c1991.</subfield>
		</datafield>
	</record>