
	<record>
		<leader>00750cz   2200205n  4500</leader>
		<controlfield tag="001">sh 97000186 </controlfield>
		<controlfield tag="003">DLC</controlfield>
		<controlfield tag="005">20010904160114.0</controlfield>
		<controlfield tag="008">010726ic anannbabn          |a ana      </controlfield>
		<datafield tag="010" ind1=" " ind2=" ">
			<subfield code="a">sh 97000186 </subfield>
		</datafield>
		<datafield tag="040" ind1=" " ind2=" ">
			<subfield code="a">DLC</subfield>
			<subfield code="c">DLC</subfield>
			<subfield code="d">DLC</subfield>
		</datafield>
		<datafield tag="150" ind1=" " ind2=" ">
			<subfield code="a">Ge hu</subfield>
		</datafield>
		<datafield tag="450" ind1=" " ind2=" ">
			<subfield code="a">Gehu</subfield>
		</datafield>
		<datafield tag="450" ind1=" " ind2=" ">
			<subfield code="w">nne</subfield>
			<subfield code="a">Ko hu</subfield>
		</datafield>
		<datafield tag="550" ind1=" " ind2=" ">
			<subfield code="w">g</subfield>
			<subfield code="a">Musical instruments</subfield>
			<subfield code="z">China</subfield>
		</datafield>
		<datafield tag="550" ind1=" " ind2=" ">
			<subfield code="w">g</subfield>
			<subfield code="a">Stringed instruments, Bowed</subfield>
		</datafield>
		<datafield tag="670" ind1=" " ind2=" ">
			<subfield code="a">Work cat.: 96-706579: Tsʿai, P. Shao nien yu, 1984:</subfield>
			<subfield code="b">t.p. (ko hu)</subfield>
		</datafield>
		<datafield tag="670" ind1=" " ind2=" ">
			<subfield code="a">Chung-kuo yin yüeh tzʿu tien, 1984:</subfield>
			<subfield code="b">p. 118 (Ko hu; translation: leather fiddle; based on erh hu and other string instruments)</subfield>
		</datafield>
		<datafield tag="670" ind1=" " ind2=" ">
			<subfield code="a">New Grove dict. music:</subfield>
			<subfield code="b">v. 2, p. 31 (gehu: large Chinese four-string fiddle of modern design)</subfield>
		</datafield>
		<datafield tag="675" ind1=" " ind2=" ">
			<subfield code="a">New Grove dict. mus. inst.</subfield>
		</datafield>
	</record>