
	<record>
		<leader>00430cz   2200157n  4500</leader>
		<controlfield tag="001">sh 97000188 </controlfield>
		<controlfield tag="003">DLC</controlfield>
		<controlfield tag="005">20010904160206.0</controlfield>
		<controlfield tag="008">010726ic anannbabn          |a ana      </controlfield>
		<datafield tag="010" ind1=" " ind2=" ">
			<subfield code="a">sh 97000188 </subfield>
		</datafield>
		<datafield tag="040" ind1=" " ind2=" ">
			<subfield code="a">DLC</subfield>
			<subfield code="c">DLC</subfield>
			<subfield code="d">DLC</subfield>
		</datafield>
		<datafield tag="053" ind1=" " ind2="0">
			<subfield code="a">M286</subfield>
			<subfield code="b">M287</subfield>
		</datafield>
		<datafield tag="150" ind1=" " ind2=" ">
			<subfield code="a">Zhong hu and ge hu music</subfield>
		</datafield>
		<datafield tag="450" ind1=" " ind2=" ">
			<subfield code="w">nne</subfield>
			<subfield code="a">Chung hu and ko hu music</subfield>
		</datafield>
		<datafield tag="450" ind1=" " ind2=" ">
			<subfield code="a">Ge hu and zhong hu music</subfield>
		</datafield>
		<datafield tag="670" ind1=" " ind2=" ">
			<subfield code="a">Work cat.: 96706579: Tsʿai, P. Shao nien yu, 1984.</subfield>
		</datafield>
	</record>