
	<record>
		<leader>00671cz   2200157n  4500</leader>
		<controlfield tag="001">sh 97000189 </controlfield>
		<controlfield tag="003">DLC</controlfield>
		<controlfield tag="005">20010904155132.0</controlfield>
		<controlfield tag="008">010726ic anannbabn          |a ana      </controlfield>
		<datafield tag="010" ind1=" " ind2=" ">
			<subfield code="a">sh 97000189 </subfield>
		</datafield>
		<datafield tag="040" ind1=" " ind2=" ">
			<subfield code="a">DLC</subfield>
			<subfield code="c">DLC</subfield>
			<subfield code="d">DLC</subfield>
		</datafield>
		<datafield tag="150" ind1=" " ind2=" ">
			<subfield code="a">Zhong hu music</subfield>
		</datafield>
		<datafield tag="360" ind1=" " ind2=" ">
			<subfield code="i">headings for forms and types of music that include "zhong hu" and headings with medium of performance that include "zhong hu"</subfield>
		</datafield>
		<datafield tag="450" ind1=" " ind2=" ">
			<subfield code="w">nne</subfield>
			<subfield code="a">Chung hu music</subfield>
		</datafield>
		<datafield tag="670" ind1=" " ind2=" ">
			<subfield code="a">Work cat.: 96706579: Tsʿai, P. Shao nien yu, 1984.</subfield>
		</datafield>
		<datafield tag="680" ind1=" " ind2=" ">
			<subfield code="i">Here are entered compositions not in a specific form or of a specific type for solo zhong hu, and collections of compositions in several forms or types for solo zhong hu.</subfield>
		</datafield>
	</record>