
	<record>
		<leader>01227cz   2200277n  4500</leader>
		<controlfield tag="001">sh 97002251 </controlfield>
		<controlfield tag="003">DLC</controlfield>
		<controlfield tag="005">20010904174355.0</controlfield>
		<controlfield tag="008">010720i| anannbabn          |a ana      </controlfield>
		<datafield tag="010" ind1=" " ind2=" ">
			<subfield code="a">sh 97002251 </subfield>
		</datafield>
		<datafield tag="040" ind1=" " ind2=" ">
			<subfield code="a">DLC</subfield>
			<subfield code="c">DLC</subfield>
			<subfield code="d">DLC</subfield>
		</datafield>
		<datafield tag="150" ind1=" " ind2=" ">
			<subfield code="a">Memorial books (Holocaust)</subfield>
		</datafield>
		<datafield tag="450" ind1=" " ind2=" ">
			<subfield code="a">Holocaust memorial books</subfield>
		</datafield>
		<datafield tag="450" ind1=" " ind2=" ">
			<subfield code="a">Jewish memorial books (Holocaust)</subfield>
		</datafield>
		<datafield tag="450" ind1=" " ind2=" ">
			<subfield code="a">Memorial volumes (Holocaust)</subfield>
		</datafield>
		<datafield tag="450" ind1=" " ind2=" ">
			<subfield code="a">Sifre zikaron (Holocaust)</subfield>
		</datafield>
		<datafield tag="450" ind1=" " ind2=" ">
			<subfield code="a">Yisker bikher (Holocaust)</subfield>
		</datafield>
		<datafield tag="450" ind1=" " ind2=" ">
			<subfield code="a">Yizker-bikher (Holocaust)</subfield>
		</datafield>
		<datafield tag="450" ind1=" " ind2=" ">
			<subfield code="a">Yizkor books (Holocaust)</subfield>
		</datafield>
		<datafield tag="550" ind1=" " ind2=" ">
			<subfield code="w">g</subfield>
			<subfield code="a">Books</subfield>
		</datafield>
		<datafield tag="550" ind1=" " ind2=" ">
			<subfield code="w">g</subfield>
			<subfield code="a">Holocaust, Jewish (1939-1945)</subfield>
			<subfield code="x">Historiography</subfield>
		</datafield>
		<datafield tag="670" ind1=" " ind2=" ">
			<subfield code="a">Work cat.: 97003084: Horowitz, R. Literacy and cultural transmission in the reading, writing, and rewriting of the yisker bikher, 1997</subfield>
			<subfield code="b">p. 1 (Jewish memorial books)</subfield>
		</datafield>
		<datafield tag="670" ind1=" " ind2=" ">
			<subfield code="a">LC database, 28Feb97</subfield>
			<subfield code="b">(Memorial books; Memorial (Yizkor) books; Memorial volume; Sifre ha-zikaron; Yizker-bikher)</subfield>
		</datafield>
		<datafield tag="670" ind1=" " ind2=" ">
			<subfield code="a">Jewish studies, Cornell Univ. web page, July 20, 2001</subfield>
			<subfield code="b">(Holocaust memorial books)</subfield>
		</datafield>
		<datafield tag="675" ind1=" " ind2=" ">
			<subfield code="a">Encyc. Judaica</subfield>
		</datafield>
		<datafield tag="680" ind1=" " ind2=" ">
			<subfield code="i">Here are entered works on books compiled by Jewish Holocaust survivors about the history and destruction of their communities.</subfield>
		</datafield>
	</record>