
	<record>
		<leader>00658cz   2200181n  4500</leader>
		<controlfield tag="001">sh 97003361 </controlfield>
		<controlfield tag="003">DLC</controlfield>
		<controlfield tag="005">20010907094314.0</controlfield>
		<controlfield tag="008">010310i| anannbabn          |a ana      </controlfield>
		<datafield tag="010" ind1=" " ind2=" ">
			<subfield code="a">sh 97003361 </subfield>
		</datafield>
		<datafield tag="040" ind1=" " ind2=" ">
			<subfield code="a">DLC</subfield>
			<subfield code="c">DLC</subfield>
			<subfield code="d">WaU</subfield>
		</datafield>
		<datafield tag="150" ind1=" " ind2=" ">
			<subfield code="a">Television musicals</subfield>
		</datafield>
		<datafield tag="450" ind1=" " ind2=" ">
			<subfield code="a">Musical television programs</subfield>
		</datafield>
		<datafield tag="550" ind1=" " ind2=" ">
			<subfield code="w">g</subfield>
			<subfield code="a">Musicals</subfield>
		</datafield>
		<datafield tag="550" ind1=" " ind2=" ">
			<subfield code="w">g</subfield>
			<subfield code="a">Television programs</subfield>
		</datafield>
		<datafield tag="670" ind1=" " ind2=" ">
			<subfield code="a">Work cat.: 97013655: Baxter, J. Television musicals, 1997:</subfield>
			<subfield code="b">t.p. (Television musicals : plots ... for 222 shows written for and presented on television)</subfield>
		</datafield>
		<datafield tag="670" ind1=" " ind2=" ">
			<subfield code="a">RILM on FirstSearch</subfield>
			<subfield code="b">(Television musicals)</subfield>
		</datafield>
		<datafield tag="670" ind1=" " ind2=" ">
			<subfield code="a">Periodical abstracts on FirstSearch</subfield>
			<subfield code="b">(Television musicals)</subfield>
		</datafield>
	</record>