
	<record>
		<leader>01465cz   2200277n  4500</leader>
		<controlfield tag="001">sh 97008528 </controlfield>
		<controlfield tag="003">DLC</controlfield>
		<controlfield tag="005">20010905085141.0</controlfield>
		<controlfield tag="008">971114i| anannbabn          |a ana     c</controlfield>
		<datafield tag="010" ind1=" " ind2=" ">
			<subfield code="a">sh 97008528 </subfield>
		</datafield>
		<datafield tag="040" ind1=" " ind2=" ">
			<subfield code="a">WaU</subfield>
			<subfield code="c">DLC</subfield>
			<subfield code="d">WaU</subfield>
		</datafield>
		<datafield tag="053" ind1=" " ind2="0">
			<subfield code="a">QK495.V53</subfield>
			<subfield code="c">Botany</subfield>
		</datafield>
		<datafield tag="150" ind1=" " ind2=" ">
			<subfield code="a">Hemlock dwarf mistletoe</subfield>
		</datafield>
		<datafield tag="450" ind1=" " ind2=" ">
			<subfield code="a">Arceuthobium tsugense</subfield>
		</datafield>
		<datafield tag="450" ind1=" " ind2=" ">
			<subfield code="a">Arceuthobium tsugensis</subfield>
		</datafield>
		<datafield tag="450" ind1=" " ind2=" ">
			<subfield code="a">Western hemlock dwarf mistletoe</subfield>
		</datafield>
		<datafield tag="550" ind1=" " ind2=" ">
			<subfield code="w">g</subfield>
			<subfield code="a">Dwarf mistletoes</subfield>
		</datafield>
		<datafield tag="670" ind1=" " ind2=" ">
			<subfield code="a">Hildebrand, D. Mountain hemlock dwarf mistletoe (Arceuthobium tsugense subsp. mertensianae), 1997.</subfield>
		</datafield>
		<datafield tag="670" ind1=" " ind2=" ">
			<subfield code="a">Natl. list of sci. plant names, 1982:</subfield>
			<subfield code="b">v. 1, p. 92 (family Loranthaceae, genus Arceuthobium, species A. tsugense)</subfield>
		</datafield>
		<datafield tag="670" ind1=" " ind2=" ">
			<subfield code="a">Gilkey, H. Handbook of Northwestern plants, 1975:</subfield>
			<subfield code="b">p. 90 (Arceuthobium or dwarf mistletoe; A. tsugensis, on hemlock)</subfield>
		</datafield>
		<datafield tag="670" ind1=" " ind2=" ">
			<subfield code="a">BIOSIS, Nov. 6, 1997</subfield>
			<subfield code="b">(Arceuthobium tsugense, hemlock dwarf mistletoe)</subfield>
		</datafield>
		<datafield tag="670" ind1=" " ind2=" ">
			<subfield code="a">Hawksworth, F.G. Dwarf mistletoes, 1996:</subfield>
			<subfield code="b">p. 243 (Hemlock dwarf mistletoe, Arceuthobium tsugense)</subfield>
		</datafield>
		<datafield tag="670" ind1=" " ind2=" ">
			<subfield code="a">Clark, L. Wild flowers of the Pacific Northwest, 1976:</subfield>
			<subfield code="b">p. 81 (Aneuthobium tsugense, Hemlock dwarf mistletoe)</subfield>
		</datafield>
		<datafield tag="670" ind1=" " ind2=" ">
			<subfield code="a">Dwarf mistletoe management handbook, 1996:</subfield>
			<subfield code="b">p. 1 (Western hemlock dwarf mistletoe)</subfield>
		</datafield>
		<datafield tag="670" ind1=" " ind2=" ">
			<subfield code="a">Plants database, via WWW, June 13, 2001</subfield>
			<subfield code="b">(Arceuthobium tsugense, hemlock dwarf mistletoe)</subfield>
		</datafield>
		<datafield tag="670" ind1=" " ind2=" ">
			<subfield code="a">ITIS, via WWW, June 13, 2001</subfield>
			<subfield code="b">(Arceuthobium tsugense. Vernacular name: hemlock dwarf mistletoe)</subfield>
		</datafield>
	</record>