
	<record>
		<leader>00381cz   2200133n  4500</leader>
		<controlfield tag="001">sh 98000336 </controlfield>
		<controlfield tag="003">DLC</controlfield>
		<controlfield tag="005">20010904084324.0</controlfield>
		<controlfield tag="008">980122|| anannbabn          |a ana     c</controlfield>
		<datafield tag="010" ind1=" " ind2=" ">
			<subfield code="a">sh 98000336 </subfield>
		</datafield>
		<datafield tag="040" ind1=" " ind2=" ">
			<subfield code="a">WaU</subfield>
			<subfield code="c">DLC</subfield>
			<subfield code="d">DLC</subfield>
		</datafield>
		<datafield tag="150" ind1=" " ind2=" ">
			<subfield code="a">Nisqually Indians</subfield>
			<subfield code="v">Treaties</subfield>
		</datafield>
		<datafield tag="550" ind1=" " ind2=" ">
			<subfield code="w">g</subfield>
			<subfield code="a">Treaties</subfield>
		</datafield>
		<datafield tag="670" ind1=" " ind2=" ">
			<subfield code="a">Treaty between the United States and the Nisqually and other bands of Indians, 1855.</subfield>
		</datafield>
	</record>