
	<record>
		<leader>00577cz   2200169n  4500</leader>
		<controlfield tag="001">sh 98002164 </controlfield>
		<controlfield tag="003">DLC</controlfield>
		<controlfield tag="005">20010910111641.0</controlfield>
		<controlfield tag="008">000929|c anannbabn          |a ana     c</controlfield>
		<datafield tag="010" ind1=" " ind2=" ">
			<subfield code="a">sh 98002164 </subfield>
		</datafield>
		<datafield tag="040" ind1=" " ind2=" ">
			<subfield code="a">CLU</subfield>
			<subfield code="c">DLC</subfield>
			<subfield code="d">DLC</subfield>
		</datafield>
		<datafield tag="151" ind1=" " ind2=" ">
			<subfield code="a">Yan Yuan (Changshu Shi, China)</subfield>
		</datafield>
		<datafield tag="451" ind1=" " ind2=" ">
			<subfield code="w">nne</subfield>
			<subfield code="a">Yan Yuan (Changshu, China)</subfield>
		</datafield>
		<datafield tag="451" ind1=" " ind2=" ">
			<subfield code="w">nne</subfield>
			<subfield code="a">Yen yüan (Chʿang-shu shih, China)</subfield>
		</datafield>
		<datafield tag="550" ind1=" " ind2=" ">
			<subfield code="w">g</subfield>
			<subfield code="a">Gardens</subfield>
			<subfield code="z">China</subfield>
		</datafield>
		<datafield tag="667" ind1=" " ind2=" ">
			<subfield code="a">This heading is not valid for use as a geographic subdivision.</subfield>
		</datafield>
		<datafield tag="670" ind1=" " ind2=" ">
			<subfield code="a">Lun Chung-kuo tʿing yüan chih tso i, 1987:</subfield>
			<subfield code="b">t.p. (Yen yüan) pref. (in Chʿang-shu shih)</subfield>
		</datafield>
	</record>