
	<record>
		<leader>00985cz   2200229n  4500</leader>
		<controlfield tag="001">sh 98006090 </controlfield>
		<controlfield tag="003">DLC</controlfield>
		<controlfield tag="005">20010905132911.0</controlfield>
		<controlfield tag="008">010711|| anannbabn          |a ana     c</controlfield>
		<datafield tag="010" ind1=" " ind2=" ">
			<subfield code="a">sh 98006090 </subfield>
		</datafield>
		<datafield tag="040" ind1=" " ind2=" ">
			<subfield code="a">DGPO</subfield>
			<subfield code="c">DLC</subfield>
			<subfield code="d">WaU</subfield>
		</datafield>
		<datafield tag="151" ind1=" " ind2=" ">
			<subfield code="a">Yangtze River, South Channel (China)</subfield>
		</datafield>
		<datafield tag="451" ind1=" " ind2=" ">
			<subfield code="a">Nan Shui-tao (Shanghai, China)</subfield>
		</datafield>
		<datafield tag="451" ind1=" " ind2=" ">
			<subfield code="a">Nan Shuidao (Shanghai, China)</subfield>
		</datafield>
		<datafield tag="451" ind1=" " ind2=" ">
			<subfield code="a">South Channel, Yangtze River (China)</subfield>
		</datafield>
		<datafield tag="550" ind1=" " ind2=" ">
			<subfield code="w">g</subfield>
			<subfield code="a">River channels</subfield>
			<subfield code="z">China</subfield>
		</datafield>
		<datafield tag="551" ind1=" " ind2=" ">
			<subfield code="w">g</subfield>
			<subfield code="a">Yangtze River (China)</subfield>
			<subfield code="x">Channels</subfield>
		</datafield>
		<datafield tag="670" ind1=" " ind2=" ">
			<subfield code="a">U.S. Defense Mapping Agency. Wusong--inner harbor, 1996:</subfield>
			<subfield code="b">map recto (Nan Shuidao, China)</subfield>
		</datafield>
		<datafield tag="670" ind1=" " ind2=" ">
			<subfield code="a">GEOnet, China, Sept. 4, 1998</subfield>
			<subfield code="b">(Nan Shuidao, stream channel, 31₀10ʹN, 121₀50ʹE; one marine channel same name)</subfield>
		</datafield>
		<datafield tag="670" ind1=" " ind2=" ">
			<subfield code="a">World's coastline, c1985:</subfield>
			<subfield code="b">p. 818 (Changjiang estuary, South Channel)</subfield>
		</datafield>
		<datafield tag="670" ind1=" " ind2=" ">
			<subfield code="a">Joint Operations Graphic map NH51</subfield>
			<subfield code="b">(Chʾang Chiang (Yangtze), Nan Shui-tao (South Channel))</subfield>
		</datafield>
		<datafield tag="675" ind1=" " ind2=" ">
			<subfield code="a">Lippincott;</subfield>
			<subfield code="a">Times atlas;</subfield>
			<subfield code="a">Web. geog.</subfield>
		</datafield>
	</record>