
	<record>
		<leader>00407cz   2200133n  4500</leader>
		<controlfield tag="001">sh 98006608 </controlfield>
		<controlfield tag="003">DLC</controlfield>
		<controlfield tag="005">20010905123243.0</controlfield>
		<controlfield tag="008">981007|| anannbabn          |a ana     c</controlfield>
		<datafield tag="010" ind1=" " ind2=" ">
			<subfield code="a">sh 98006608 </subfield>
		</datafield>
		<datafield tag="040" ind1=" " ind2=" ">
			<subfield code="a">MoSU-L</subfield>
			<subfield code="c">DLC</subfield>
			<subfield code="d">DLC</subfield>
		</datafield>
		<datafield tag="150" ind1=" " ind2=" ">
			<subfield code="a">Tututni Indians</subfield>
			<subfield code="v">Treaties</subfield>
		</datafield>
		<datafield tag="550" ind1=" " ind2=" ">
			<subfield code="w">g</subfield>
			<subfield code="a">Treaties</subfield>
		</datafield>
		<datafield tag="670" ind1=" " ind2=" ">
			<subfield code="a">Work cat.: Letter from the Secretary of the Interior, 1891:</subfield>
			<subfield code="b">p. 1 (an agreement with the Rogue River Indians)</subfield>
		</datafield>
	</record>
	<record>
		<leader>00661cz   2200157n  4500</leader>
		<controlfield tag="001">sh 99005331 </controlfield>
		<controlfield tag="003">DLC</controlfield>
		<controlfield tag="005">20010906141410.0</controlfield>
		<controlfield tag="008">990720i| dnannbaba          |a ana      </controlfield>
		<datafield tag="010" ind1=" " ind2=" ">
			<subfield code="a">sh 99005331 </subfield>
		</datafield>
		<datafield tag="040" ind1=" " ind2=" ">
			<subfield code="a">IEN</subfield>
			<subfield code="b">eng</subfield>
			<subfield code="c">DLC</subfield>
			<subfield code="d">DLC</subfield>
		</datafield>
		<datafield tag="073" ind1=" " ind2=" ">
			<subfield code="a">H 1095</subfield>
			<subfield code="a">H 1195</subfield>
			<subfield code="z">lcsh</subfield>
		</datafield>
		<datafield tag="180" ind1=" " ind2=" ">
			<subfield code="x">Conservation and restoration</subfield>
		</datafield>
		<datafield tag="480" ind1=" " ind2=" ">
			<subfield code="x">Restoration and conservation</subfield>
		</datafield>
		<datafield tag="680" ind1=" " ind2=" ">
			<subfield code="i">Use as a topical subdivision under types of art objects, library materials, types of architecture, etc., for works on preserving and restoring those items.</subfield>
		</datafield>
		<datafield tag="681" ind1=" " ind2=" ">
			<subfield code="i">Reference under the general see references</subfield>
			<subfield code="a">Conservation and restoration; Preservation and restoration; Restoration and conservation</subfield>
		</datafield>
	</record>