
	<record>
		<leader>00435cz   2200145n  4500</leader>
		<controlfield tag="001">sh2001000028</controlfield>
		<controlfield tag="003">DLC</controlfield>
		<controlfield tag="005">20010905094602.0</controlfield>
		<controlfield tag="008">010515|| anannbabn          |a ana      </controlfield>
		<datafield tag="010" ind1=" " ind2=" ">
			<subfield code="a">sh2001000028</subfield>
		</datafield>
		<datafield tag="040" ind1=" " ind2=" ">
			<subfield code="a">DLC</subfield>
			<subfield code="b">eng</subfield>
			<subfield code="c">DLC</subfield>
		</datafield>
		<datafield tag="151" ind1=" " ind2=" ">
			<subfield code="a">Indian River (Fla. : River)</subfield>
		</datafield>
		<datafield tag="550" ind1=" " ind2=" ">
			<subfield code="w">g</subfield>
			<subfield code="a">Rivers</subfield>
			<subfield code="z">Florida</subfield>
		</datafield>
		<datafield tag="670" ind1=" " ind2=" ">
			<subfield code="a">GNIS, May 15, 2001</subfield>
			<subfield code="b">(Indian River, stream, Walton Co., Fla.; also Indian River, lake)</subfield>
		</datafield>
		<datafield tag="781" ind1=" " ind2="0">
			<subfield code="z">Florida</subfield>
			<subfield code="z">Indian River (River)</subfield>
		</datafield>
	</record>