
	<record>
		<leader>00721cz   2200181n  4500</leader>
		<controlfield tag="001">sh2001000611</controlfield>
		<controlfield tag="003">DLC</controlfield>
		<controlfield tag="005">20010904144808.0</controlfield>
		<controlfield tag="008">010720i| anannbabn          |a ana     c</controlfield>
		<datafield tag="010" ind1=" " ind2=" ">
			<subfield code="a">sh2001000611</subfield>
		</datafield>
		<datafield tag="040" ind1=" " ind2=" ">
			<subfield code="a">WaU</subfield>
			<subfield code="b">eng</subfield>
			<subfield code="c">DLC</subfield>
		</datafield>
		<datafield tag="150" ind1=" " ind2=" ">
			<subfield code="a">Preservation photocopying</subfield>
		</datafield>
		<datafield tag="450" ind1=" " ind2=" ">
			<subfield code="a">Preservation photoduplication</subfield>
		</datafield>
		<datafield tag="550" ind1=" " ind2=" ">
			<subfield code="w">g</subfield>
			<subfield code="a">Photocopying</subfield>
		</datafield>
		<datafield tag="550" ind1=" " ind2=" ">
			<subfield code="w">g</subfield>
			<subfield code="a">Preservation of materials</subfield>
		</datafield>
		<datafield tag="670" ind1=" " ind2=" ">
			<subfield code="a">Work cat.: Guidelines for preservation photocopying of replacement pages, 1990, via WWW, July 20, 2001.</subfield>
		</datafield>
		<datafield tag="670" ind1=" " ind2=" ">
			<subfield code="a">OCLC WorldCat, July 20, 2001</subfield>
			<subfield code="b">(preservation photocopying)</subfield>
		</datafield>
		<datafield tag="670" ind1=" " ind2=" ">
			<subfield code="a">Google, July 20, 2001</subfield>
			<subfield code="b">(preservation photocopying; preservation photocopy; preservation photoduplication; preservation photo duplication)</subfield>
		</datafield>
	</record>