
	<record>
		<leader>00909cz   2200229n  4500</leader>
		<controlfield tag="001">sh2001000612</controlfield>
		<controlfield tag="003">DLC</controlfield>
		<controlfield tag="005">20010904142944.0</controlfield>
		<controlfield tag="008">010724|| anannbabn          |a ana     c</controlfield>
		<datafield tag="010" ind1=" " ind2=" ">
			<subfield code="a">sh2001000612</subfield>
		</datafield>
		<datafield tag="040" ind1=" " ind2=" ">
			<subfield code="a">WaU</subfield>
			<subfield code="b">eng</subfield>
			<subfield code="c">DLC</subfield>
		</datafield>
		<datafield tag="151" ind1=" " ind2=" ">
			<subfield code="a">Drah Plain (Morocco)</subfield>
		</datafield>
		<datafield tag="451" ind1=" " ind2=" ">
			<subfield code="a">Dra Plains (Morocco)</subfield>
		</datafield>
		<datafield tag="451" ind1=" " ind2=" ">
			<subfield code="a">Drâa Plain (Morocco)</subfield>
		</datafield>
		<datafield tag="451" ind1=" " ind2=" ">
			<subfield code="a">Plaine de Drâa (Morocco)</subfield>
		</datafield>
		<datafield tag="451" ind1=" " ind2=" ">
			<subfield code="a">Plaine de Drah (Morocco)</subfield>
		</datafield>
		<datafield tag="451" ind1=" " ind2=" ">
			<subfield code="a">Plaines du Dra (Morocco)</subfield>
		</datafield>
		<datafield tag="550" ind1=" " ind2=" ">
			<subfield code="w">g</subfield>
			<subfield code="a">Plains</subfield>
			<subfield code="z">Morocco</subfield>
		</datafield>
		<datafield tag="670" ind1=" " ind2=" ">
			<subfield code="a">Work cat.: Jansen, U. Morphologie, Taxonomie und Phylogenie unter-devonischer Brachiopoden aus der Dra-Ebene (Marokko, Prä-Sahara) ... 2001:</subfield>
			<subfield code="b">p. 2 (Dra Plains) p. 3 (Plaines du Dra)</subfield>
		</datafield>
		<datafield tag="670" ind1=" " ind2=" ">
			<subfield code="a">GEOnet, July 24, 2001</subfield>
			<subfield code="b">(native: Drah, Plainede; variant: Drâa, Plaine de; PLN, Morocco, 33₀01ʹ00ʺN, 003₀44ʹ00ʺW)</subfield>
		</datafield>
		<datafield tag="675" ind1=" " ind2=" ">
			<subfield code="a">Columbia gaz.;</subfield>
			<subfield code="a">Web. geog.;</subfield>
			<subfield code="a">Times atlas</subfield>
		</datafield>
		<datafield tag="781" ind1=" " ind2="0">
			<subfield code="z">Morocco</subfield>
			<subfield code="z">Drah Plain</subfield>
		</datafield>
	</record>