
	<record>
		<leader>00544cz   2200169n  4500</leader>
		<controlfield tag="001">sh2001000977</controlfield>
		<controlfield tag="003">DLC</controlfield>
		<controlfield tag="005">20010904144854.0</controlfield>
		<controlfield tag="008">010720i| anannbabn          |a ana      </controlfield>
		<datafield tag="010" ind1=" " ind2=" ">
			<subfield code="a">sh2001000977</subfield>
		</datafield>
		<datafield tag="040" ind1=" " ind2=" ">
			<subfield code="a">DLC</subfield>
			<subfield code="b">eng</subfield>
			<subfield code="c">DLC</subfield>
		</datafield>
		<datafield tag="053" ind1=" " ind2="0">
			<subfield code="a">PQ4053.R4</subfield>
			<subfield code="c">Literary history and criticism</subfield>
		</datafield>
		<datafield tag="150" ind1=" " ind2=" ">
			<subfield code="a">Religious literature, Italian</subfield>
		</datafield>
		<datafield tag="450" ind1=" " ind2=" ">
			<subfield code="a">Italian religious literature</subfield>
		</datafield>
		<datafield tag="550" ind1=" " ind2=" ">
			<subfield code="w">g</subfield>
			<subfield code="a">Italian literature</subfield>
		</datafield>
		<datafield tag="670" ind1=" " ind2=" ">
			<subfield code="a">Work cat.: 2001381055: Giombi, S. Libri e pulpiti, 2001.</subfield>
		</datafield>
		<datafield tag="670" ind1=" " ind2=" ">
			<subfield code="a">LC database, July 20, 2001</subfield>
			<subfield code="b">(Religious literature, Italian)</subfield>
		</datafield>
	</record>