
	<record>
		<leader>00603cz   2200181n  4500</leader>
		<controlfield tag="001">sh2001001188</controlfield>
		<controlfield tag="003">DLC</controlfield>
		<controlfield tag="005">20010904142035.0</controlfield>
		<controlfield tag="008">010518 | anannbabn          |a ana      </controlfield>
		<datafield tag="010" ind1=" " ind2=" ">
			<subfield code="a">sh2001001188</subfield>
		</datafield>
		<datafield tag="040" ind1=" " ind2=" ">
			<subfield code="a">DLC</subfield>
			<subfield code="b">eng</subfield>
			<subfield code="c">DLC</subfield>
		</datafield>
		<datafield tag="100" ind1="3" ind2=" ">
			<subfield code="a">Bernstorff, Counts of</subfield>
		</datafield>
		<datafield tag="400" ind1="3" ind2=" ">
			<subfield code="a">Counts of Bernstorff</subfield>
		</datafield>
		<datafield tag="550" ind1=" " ind2=" ">
			<subfield code="w">g</subfield>
			<subfield code="a">Nobility</subfield>
			<subfield code="z">Germany</subfield>
		</datafield>
		<datafield tag="670" ind1=" " ind2=" ">
			<subfield code="a">Work cat.: 2001338095: Conze, E. Von deutschem Adel, c2000.</subfield>
		</datafield>
		<datafield tag="670" ind1=" " ind2=" ">
			<subfield code="a">Old catalog heading</subfield>
			<subfield code="b">(Bernstorff family)</subfield>
		</datafield>
		<datafield tag="670" ind1=" " ind2=" ">
			<subfield code="a">Newue Deutche Biographie, c1955:</subfield>
			<subfield code="b">v. 2 (Large listing of Bernstorff, Graf von ...)</subfield>
		</datafield>
		<datafield tag="675" ind1=" " ind2=" ">
			<subfield code="a">Am. fam. names;</subfield>
			<subfield code="a">Cent. pop. growth</subfield>
		</datafield>
	</record>