
	<record>
		<leader>00977cz   2200229n  4500</leader>
		<controlfield tag="001">sh2001001244</controlfield>
		<controlfield tag="003">DLC</controlfield>
		<controlfield tag="005">20010904145023.0</controlfield>
		<controlfield tag="008">010719i| anannbabn          |a ana      </controlfield>
		<datafield tag="010" ind1=" " ind2=" ">
			<subfield code="a">sh2001001244</subfield>
		</datafield>
		<datafield tag="040" ind1=" " ind2=" ">
			<subfield code="a">DLC</subfield>
			<subfield code="b">eng</subfield>
			<subfield code="c">DLC</subfield>
		</datafield>
		<datafield tag="053" ind1=" " ind2="0">
			<subfield code="a">PJ4101</subfield>
			<subfield code="b">PJ4109</subfield>
		</datafield>
		<datafield tag="150" ind1=" " ind2=" ">
			<subfield code="a">Semitic languages, West</subfield>
		</datafield>
		<datafield tag="450" ind1=" " ind2=" ">
			<subfield code="a">West Semitic languages</subfield>
		</datafield>
		<datafield tag="550" ind1=" " ind2=" ">
			<subfield code="w">g</subfield>
			<subfield code="a">Semitic languages</subfield>
		</datafield>
		<datafield tag="670" ind1=" " ind2=" ">
			<subfield code="a">Work cat.: 2001040567: Pentiuc, E. West Semitic vocabulary in the Akkadian Texts from Emar, 2001.</subfield>
		</datafield>
		<datafield tag="670" ind1=" " ind2=" ">
			<subfield code="a">Encyc. Judaica:</subfield>
			<subfield code="b">v. 14, col. 1153 ("... before 2000 B.C.E., West Semitic divided into a northern and a southern branch.")</subfield>
		</datafield>
		<datafield tag="670" ind1=" " ind2=" ">
			<subfield code="a">Encyclopedia of language and languages, 1994:</subfield>
			<subfield code="b">v. 7, p. 3834.</subfield>
		</datafield>
		<datafield tag="670" ind1=" " ind2=" ">
			<subfield code="a">International encyclopedia of linguistics, 1992:</subfield>
			<subfield code="b">v. 3, p. 413.</subfield>
		</datafield>
		<datafield tag="670" ind1=" " ind2=" ">
			<subfield code="a">LC database, July 19, 2001.</subfield>
		</datafield>
		<datafield tag="670" ind1=" " ind2=" ">
			<subfield code="a">New Catholic encyc.</subfield>
			<subfield code="b">(East Semitic (Akkadian) and West Semitic (all the other Semitic languages))</subfield>
		</datafield>
		<datafield tag="675" ind1=" " ind2=" ">
			<subfield code="a">Britannica Micro.;</subfield>
			<subfield code="a">Britannica Macro.</subfield>
		</datafield>
	</record>