
	<record>
		<leader>00588cz   2200169n  4500</leader>
		<controlfield tag="001">sh2001001809</controlfield>
		<controlfield tag="003">DLC</controlfield>
		<controlfield tag="005">20010904145120.0</controlfield>
		<controlfield tag="008">010724i| anannbabn          |a ana      </controlfield>
		<datafield tag="010" ind1=" " ind2=" ">
			<subfield code="a">sh2001001809</subfield>
		</datafield>
		<datafield tag="040" ind1=" " ind2=" ">
			<subfield code="a">DLC</subfield>
			<subfield code="b">eng</subfield>
			<subfield code="c">DLC</subfield>
		</datafield>
		<datafield tag="053" ind1=" " ind2="0">
			<subfield code="a">QL430.5.S8</subfield>
			<subfield code="c">Zoology</subfield>
		</datafield>
		<datafield tag="150" ind1=" " ind2=" ">
			<subfield code="a">Strombus</subfield>
		</datafield>
		<datafield tag="550" ind1=" " ind2=" ">
			<subfield code="w">g</subfield>
			<subfield code="a">Strombidae</subfield>
		</datafield>
		<datafield tag="670" ind1=" " ind2=" ">
			<subfield code="a">Work cat.: 99096260: Carstarphen, D. The conch book, 2000:</subfield>
			<subfield code="b">p. 2 (Strombus)</subfield>
		</datafield>
		<datafield tag="670" ind1=" " ind2=" ">
			<subfield code="a">Web. 3</subfield>
			<subfield code="b">(Strombus)</subfield>
		</datafield>
		<datafield tag="670" ind1=" " ind2=" ">
			<subfield code="a">Morris, P.A. A field guide to Pacific Coast shells inculding shells of Hawaii and the Gulf of Calif., c1996:</subfield>
			<subfield code="b">p. 165 (genus Strombus Linné 1758)</subfield>
		</datafield>
	</record>