
	<record>
		<leader>00399cz   2200145n  4500</leader>
		<controlfield tag="001">sh2001001962</controlfield>
		<controlfield tag="003">DLC</controlfield>
		<controlfield tag="005">20010904141459.0</controlfield>
		<controlfield tag="008">010716i| anannbabn          |a ana      </controlfield>
		<datafield tag="010" ind1=" " ind2=" ">
			<subfield code="a">sh2001001962</subfield>
		</datafield>
		<datafield tag="040" ind1=" " ind2=" ">
			<subfield code="a">DLC</subfield>
			<subfield code="b">eng</subfield>
			<subfield code="c">DLC</subfield>
		</datafield>
		<datafield tag="053" ind1=" " ind2="0">
			<subfield code="a">HF6161.P33</subfield>
		</datafield>
		<datafield tag="150" ind1=" " ind2=" ">
			<subfield code="a">Advertising</subfield>
			<subfield code="x">Phonographs</subfield>
		</datafield>
		<datafield tag="450" ind1=" " ind2=" ">
			<subfield code="a">Phonograph</subfield>
			<subfield code="x">Advertising</subfield>
		</datafield>
		<datafield tag="670" ind1=" " ind2=" ">
			<subfield code="a">Work cat.: 2001537710: Weber, James N. The talking machine, c1997.</subfield>
		</datafield>
	</record>