
	<record>
		<leader>00571cz   2200145n  4500</leader>
		<controlfield tag="001">sh2001002411</controlfield>
		<controlfield tag="003">DLC</controlfield>
		<controlfield tag="005">20010904144706.0</controlfield>
		<controlfield tag="008">010723|| anannbabn          |a ana      </controlfield>
		<datafield tag="010" ind1=" " ind2=" ">
			<subfield code="a">sh2001002411</subfield>
		</datafield>
		<datafield tag="040" ind1=" " ind2=" ">
			<subfield code="a">DLC</subfield>
			<subfield code="b">eng</subfield>
			<subfield code="c">DLC</subfield>
		</datafield>
		<datafield tag="110" ind1="2" ind2=" ">
			<subfield code="a">Old Courthouse (Painesville, Ohio)</subfield>
		</datafield>
		<datafield tag="550" ind1=" " ind2=" ">
			<subfield code="w">g</subfield>
			<subfield code="a">Courthouses</subfield>
			<subfield code="z">Ohio</subfield>
		</datafield>
		<datafield tag="670" ind1=" " ind2=" ">
			<subfield code="a">NUCMC data from Lake County Historical Society for Historic buildings drawings, 1934</subfield>
			<subfield code="b">(Old Courthouse; Painesville, Ohio)</subfield>
		</datafield>
		<datafield tag="670" ind1=" " ind2=" ">
			<subfield code="a">American memory: HABS/HAER WWW page, July 23. 3001</subfield>
			<subfield code="b">(Courthouse, Old; Painesville; Richmond &amp; Mentor Aves., Lake County)</subfield>
		</datafield>
	</record>