
	<record>
		<leader>00605cz   2200157n  4500</leader>
		<controlfield tag="001">sh2001002415</controlfield>
		<controlfield tag="003">DLC</controlfield>
		<controlfield tag="005">20010904143404.0</controlfield>
		<controlfield tag="008">010725|| anannbabn          |a ana      </controlfield>
		<datafield tag="010" ind1=" " ind2=" ">
			<subfield code="a">sh2001002415</subfield>
		</datafield>
		<datafield tag="040" ind1=" " ind2=" ">
			<subfield code="a">DLC</subfield>
			<subfield code="b">eng</subfield>
			<subfield code="c">DLC</subfield>
		</datafield>
		<datafield tag="151" ind1=" " ind2=" ">
			<subfield code="a">Hog Island (Hancock County, Me.)</subfield>
		</datafield>
		<datafield tag="550" ind1=" " ind2=" ">
			<subfield code="w">g</subfield>
			<subfield code="a">Islands</subfield>
			<subfield code="z">Maine</subfield>
		</datafield>
		<datafield tag="670" ind1=" " ind2=" ">
			<subfield code="a">NUCMC data from Maine Folklife Center for Orcutt, C. Oral history interview, 1975</subfield>
			<subfield code="b">(Hog Island; Hancock County, Me.)</subfield>
		</datafield>
		<datafield tag="670" ind1=" " ind2=" ">
			<subfield code="a">GNIS, July 25, 2001</subfield>
			<subfield code="b">(Hog Island; Hancock County; map: Cape Rosier; lat.: 44₀17ʹ01ʺN; long.: 068₀47ʹ30ʺW)</subfield>
		</datafield>
		<datafield tag="781" ind1=" " ind2="0">
			<subfield code="z">Maine</subfield>
			<subfield code="z">Hog Island (Hancock County)</subfield>
		</datafield>
	</record>