
	<record>
		<leader>01483cz   2200205n  4500</leader>
		<controlfield tag="001">sh2001002558</controlfield>
		<controlfield tag="003">DLC</controlfield>
		<controlfield tag="005">20010904141818.0</controlfield>
		<controlfield tag="008">010620i| anannbabn          |a ana      </controlfield>
		<datafield tag="010" ind1=" " ind2=" ">
			<subfield code="a">sh2001002558</subfield>
		</datafield>
		<datafield tag="040" ind1=" " ind2=" ">
			<subfield code="a">DLC</subfield>
			<subfield code="b">eng</subfield>
			<subfield code="c">DLC</subfield>
		</datafield>
		<datafield tag="150" ind1=" " ind2=" ">
			<subfield code="a">Vocal coaches</subfield>
		</datafield>
		<datafield tag="550" ind1=" " ind2=" ">
			<subfield code="w">g</subfield>
			<subfield code="a">Coaches (Music)</subfield>
		</datafield>
		<datafield tag="670" ind1=" " ind2=" ">
			<subfield code="a">Work cat.: 00064564: Lee, S. The memoirs of Sylvia Olden Lee, 2001:</subfield>
			<subfield code="b">t.p. (premier African American vocal coach) p. 112 (... [the] teacher didn't want her to study interpretation, he wanted [her] to learn technique, so I didn't work with her)</subfield>
		</datafield>
		<datafield tag="670" ind1=" " ind2=" ">
			<subfield code="a">Fuchs, V. The art of singing, c1963:</subfield>
			<subfield code="b">p. 199 (premature handing over to a coach [from the singing teacher] may be dangerous as the coach is only concerned with musical accuracy and not with the voice itself)</subfield>
		</datafield>
		<datafield tag="670" ind1=" " ind2=" ">
			<subfield code="a">Helfgot, W. The third line, c1993:</subfield>
			<subfield code="b">p. 146 (the voice teacher works to put the instrument in good working order, the vocal coach helps to get various pieces into shape for performance)</subfield>
		</datafield>
		<datafield tag="670" ind1=" " ind2=" ">
			<subfield code="a">Henderson, L. How to train singers, c1979:</subfield>
			<subfield code="b">pp. 154-155 (when the singer is far enough advanced in his study of technique, he should then begin study with a vocal coach)</subfield>
		</datafield>
		<datafield tag="670" ind1=" " ind2=" ">
			<subfield code="a">Gamber, E. Your guide to successful singing, c1950:</subfield>
			<subfield code="b">p. 138 (the coach is in no way a vocal teacher, he merely helps with interpretation of the song)</subfield>
		</datafield>
		<datafield tag="670" ind1=" " ind2=" ">
			<subfield code="a">Craig, D. On singing onstage, c1978:</subfield>
			<subfield code="b">p. 204-207 (Choosing the coach or the singing teacher)</subfield>
		</datafield>
		<datafield tag="675" ind1=" " ind2=" ">
			<subfield code="a">Web. 3;</subfield>
			<subfield code="a">World Book;</subfield>
			<subfield code="a">New Harvard dict. of music</subfield>
		</datafield>
	</record>