
	<record>
		<leader>00677cz   2200181n  4500</leader>
		<controlfield tag="001">sh2001002559</controlfield>
		<controlfield tag="003">DLC</controlfield>
		<controlfield tag="005">20010904141659.0</controlfield>
		<controlfield tag="008">010620i| anannbabn          |a ana      </controlfield>
		<datafield tag="010" ind1=" " ind2=" ">
			<subfield code="a">sh2001002559</subfield>
		</datafield>
		<datafield tag="040" ind1=" " ind2=" ">
			<subfield code="a">DLC</subfield>
			<subfield code="b">eng</subfield>
			<subfield code="c">DLC</subfield>
		</datafield>
		<datafield tag="150" ind1=" " ind2=" ">
			<subfield code="a">Coaches (Music)</subfield>
		</datafield>
		<datafield tag="450" ind1=" " ind2=" ">
			<subfield code="a">Music coaches</subfield>
		</datafield>
		<datafield tag="550" ind1=" " ind2=" ">
			<subfield code="w">g</subfield>
			<subfield code="a">Musicians</subfield>
		</datafield>
		<datafield tag="550" ind1=" " ind2=" ">
			<subfield code="a">Music teachers</subfield>
		</datafield>
		<datafield tag="670" ind1=" " ind2=" ">
			<subfield code="a">Work cat.: 00064564: Lee, S. The memoirs of Sylvia Olden Lee, 2001:</subfield>
			<subfield code="b">t.p. (premier African American vocal coach)</subfield>
		</datafield>
		<datafield tag="670" ind1=" " ind2=" ">
			<subfield code="a">Web. 3</subfield>
			<subfield code="b">(Coach; citation 3b: one who instructs or trains a performer or team of performers as in debating, or in musical or dramatic performance)</subfield>
		</datafield>
		<datafield tag="675" ind1=" " ind2=" ">
			<subfield code="a">World Book;</subfield>
			<subfield code="a">New Harvard dict. of music</subfield>
		</datafield>
	</record>