
	<record>
		<leader>00480cz   2200145n  4500</leader>
		<controlfield tag="001">sh2001002560</controlfield>
		<controlfield tag="003">DLC</controlfield>
		<controlfield tag="005">20010904141621.0</controlfield>
		<controlfield tag="008">010620i| anannbabn          |a ana      </controlfield>
		<datafield tag="010" ind1=" " ind2=" ">
			<subfield code="a">sh2001002560</subfield>
		</datafield>
		<datafield tag="040" ind1=" " ind2=" ">
			<subfield code="a">DLC</subfield>
			<subfield code="b">eng</subfield>
			<subfield code="c">DLC</subfield>
		</datafield>
		<datafield tag="150" ind1=" " ind2=" ">
			<subfield code="a">African American vocal coaches</subfield>
		</datafield>
		<datafield tag="450" ind1=" " ind2=" ">
			<subfield code="a">Vocal coaches, African American</subfield>
		</datafield>
		<datafield tag="550" ind1=" " ind2=" ">
			<subfield code="w">g</subfield>
			<subfield code="a">Vocal coaches</subfield>
			<subfield code="z">United States</subfield>
		</datafield>
		<datafield tag="670" ind1=" " ind2=" ">
			<subfield code="a">Work cat.: 00064564: Lee, S. The memoirs of Sylvia Olden Lee, 2001:</subfield>
			<subfield code="b">t.p. (premier African American vocal coach)</subfield>
		</datafield>
	</record>