
	<record>
		<leader>00580cz   2200169n  4500</leader>
		<controlfield tag="001">sh2001003071</controlfield>
		<controlfield tag="003">DLC</controlfield>
		<controlfield tag="005">20010904144442.0</controlfield>
		<controlfield tag="008">010719i| anannbabn          |a ana      </controlfield>
		<datafield tag="010" ind1=" " ind2=" ">
			<subfield code="a">sh2001003071</subfield>
		</datafield>
		<datafield tag="040" ind1=" " ind2=" ">
			<subfield code="a">DLC</subfield>
			<subfield code="b">eng</subfield>
			<subfield code="c">DLC</subfield>
		</datafield>
		<datafield tag="150" ind1=" " ind2=" ">
			<subfield code="a">Nymphets</subfield>
		</datafield>
		<datafield tag="450" ind1=" " ind2=" ">
			<subfield code="a">Nymphettes</subfield>
		</datafield>
		<datafield tag="550" ind1=" " ind2=" ">
			<subfield code="w">g</subfield>
			<subfield code="a">Girls</subfield>
		</datafield>
		<datafield tag="670" ind1=" " ind2=" ">
			<subfield code="a">Work cat.: 2001338487: Bramberger, A. Die Kindfrau : Lust, Provokation, Spiel, c2000.</subfield>
		</datafield>
		<datafield tag="670" ind1=" " ind2=" ">
			<subfield code="a">Hutchinson dict. of difficult words, July 19, 2001</subfield>
			<subfield code="b">(Nymphet; young girls sexually attractive to older men)</subfield>
		</datafield>
		<datafield tag="675" ind1=" " ind2=" ">
			<subfield code="a">Britannica online, July 19, 2001;</subfield>
			<subfield code="a">Oxford Eng. dict.</subfield>
		</datafield>
	</record>