
	<record>
		<leader>00753cz   2200205n  4500</leader>
		<controlfield tag="001">sh2001003087</controlfield>
		<controlfield tag="003">DLC</controlfield>
		<controlfield tag="005">20010904142002.0</controlfield>
		<controlfield tag="008">010719|| anannbabn          |a ana      </controlfield>
		<datafield tag="010" ind1=" " ind2=" ">
			<subfield code="a">sh2001003087</subfield>
		</datafield>
		<datafield tag="040" ind1=" " ind2=" ">
			<subfield code="a">DLC</subfield>
			<subfield code="b">eng</subfield>
			<subfield code="c">DLC</subfield>
		</datafield>
		<datafield tag="053" ind1=" " ind2="0">
			<subfield code="a">TK5105.553</subfield>
		</datafield>
		<datafield tag="150" ind1=" " ind2=" ">
			<subfield code="a">ASN.1 (Standard)</subfield>
		</datafield>
		<datafield tag="450" ind1=" " ind2=" ">
			<subfield code="a">Abstract Syntax Notation One (Standard)</subfield>
		</datafield>
		<datafield tag="450" ind1=" " ind2=" ">
			<subfield code="a">ASN.I (Standard)</subfield>
		</datafield>
		<datafield tag="550" ind1=" " ind2=" ">
			<subfield code="w">g</subfield>
			<subfield code="a">Computer networks</subfield>
			<subfield code="x">Standards</subfield>
		</datafield>
		<datafield tag="550" ind1=" " ind2=" ">
			<subfield code="w">g</subfield>
			<subfield code="a">Telecommunication</subfield>
			<subfield code="x">Standards</subfield>
		</datafield>
		<datafield tag="670" ind1=" " ind2=" ">
			<subfield code="a">Work cat.: 99066138: ASN.1 complete, c2000.</subfield>
		</datafield>
		<datafield tag="670" ind1=" " ind2=" ">
			<subfield code="a">The Network Press encyc. of networking, c2000:</subfield>
			<subfield code="b">p. 97 (ASN.1, Abstract Syntax Notation One; part of the OSI reference model)</subfield>
		</datafield>
		<datafield tag="670" ind1=" " ind2=" ">
			<subfield code="a">Novell's encyc. of networking, c1997:</subfield>
			<subfield code="b">p. 57 (ASN.I; Abstract Syntax Notation One)</subfield>
		</datafield>
	</record>