
	<record>
		<leader>00732cz   2200157n  4500</leader>
		<controlfield tag="001">sh2001003466</controlfield>
		<controlfield tag="003">DLC</controlfield>
		<controlfield tag="005">20010904143032.0</controlfield>
		<controlfield tag="008">010702 | anannbabn          |a ana     c</controlfield>
		<datafield tag="010" ind1=" " ind2=" ">
			<subfield code="a">sh2001003466</subfield>
		</datafield>
		<datafield tag="040" ind1=" " ind2=" ">
			<subfield code="a">DGPO</subfield>
			<subfield code="b">eng</subfield>
			<subfield code="c">DLC</subfield>
		</datafield>
		<datafield tag="150" ind1=" " ind2=" ">
			<subfield code="a">EgyptAir Flight 990 Crash, 1999</subfield>
		</datafield>
		<datafield tag="450" ind1=" " ind2=" ">
			<subfield code="a">Egypt Air Flight 990 Crash, 1999</subfield>
		</datafield>
		<datafield tag="550" ind1=" " ind2=" ">
			<subfield code="w">g</subfield>
			<subfield code="a">Aircraft accidents</subfield>
		</datafield>
		<datafield tag="670" ind1=" " ind2=" ">
			<subfield code="a">Work cat: U.S. Cong. House. Comm. on Transportation and Infrastructure. Subcomm. on Aviation. Issues arising out of the Egypt Air crash, hearing ... 2001:</subfield>
			<subfield code="b">p. 2 (crash of EgyptAir Flight 990)</subfield>
		</datafield>
		<datafield tag="670" ind1=" " ind2=" ">
			<subfield code="a">CBC News indepth web site, July 20, 2001</subfield>
			<subfield code="b">(EgyptAir Flight 990; in route to Cairo from New York--crashed off the coast of Nantucket Island, Mass. on Oct. 31, 1999)</subfield>
		</datafield>
	</record>