
	<record>
		<leader>00371cz   2200133n  4500</leader>
		<controlfield tag="001">sh2001004521</controlfield>
		<controlfield tag="003">DLC</controlfield>
		<controlfield tag="005">20010904145241.0</controlfield>
		<controlfield tag="008">010724i| anannbabn          |a ana      </controlfield>
		<datafield tag="010" ind1=" " ind2=" ">
			<subfield code="a">sh2001004521</subfield>
		</datafield>
		<datafield tag="040" ind1=" " ind2=" ">
			<subfield code="a">DLC</subfield>
			<subfield code="b">eng</subfield>
			<subfield code="c">DLC</subfield>
		</datafield>
		<datafield tag="150" ind1=" " ind2=" ">
			<subfield code="a">Tojolabal literature</subfield>
		</datafield>
		<datafield tag="551" ind1=" " ind2=" ">
			<subfield code="w">g</subfield>
			<subfield code="a">Mexico</subfield>
			<subfield code="x">Literatures</subfield>
		</datafield>
		<datafield tag="670" ind1=" " ind2=" ">
			<subfield code="a">Work cat.: 2001317456: Lenkersdorf, C. Indios somos con orgullo, 1999.</subfield>
		</datafield>
	</record>