
	<record>
		<leader>00950cz   2200157n  4500</leader>
		<controlfield tag="001">sh2001005523</controlfield>
		<controlfield tag="003">DLC</controlfield>
		<controlfield tag="005">20010905122250.0</controlfield>
		<controlfield tag="008">010712i| anannbabn          |a ana     c</controlfield>
		<datafield tag="010" ind1=" " ind2=" ">
			<subfield code="a">sh2001005523</subfield>
		</datafield>
		<datafield tag="040" ind1=" " ind2=" ">
			<subfield code="a">WaU</subfield>
			<subfield code="b">eng</subfield>
			<subfield code="c">DLC</subfield>
			<subfield code="d">DLC</subfield>
		</datafield>
		<datafield tag="150" ind1=" " ind2=" ">
			<subfield code="a">Zoogeography</subfield>
			<subfield code="x">Climatic factors</subfield>
		</datafield>
		<datafield tag="360" ind1=" " ind2=" ">
			<subfield code="i">subdivision</subfield>
			<subfield code="a">Geographical distribution--Climatic factors</subfield>
			<subfield code="i">under individual animals and groups of animals, e.g.</subfield>
			<subfield code="a">Fishes--Geographical distribution--Climatic factors</subfield>
		</datafield>
		<datafield tag="550" ind1=" " ind2=" ">
			<subfield code="w">g</subfield>
			<subfield code="a">Bioclimatology</subfield>
		</datafield>
		<datafield tag="670" ind1=" " ind2=" ">
			<subfield code="a">Work cat.: Slud, P. Geographic and climatic relationships of avifaunas with special reference to comparative distribution in the Neotropics, 1976.</subfield>
		</datafield>
		<datafield tag="670" ind1=" " ind2=" ">
			<subfield code="a">LC database, Apr. 9, 2001</subfield>
			<subfield code="b">(Climatic influence on the distribution pattern of plant parasitic and soil inhabiting nematodes; Climatic trends and the distribution of marine animals in New England; Metabolic adaptation to climate and distribution of the raccoon Procyon lotor and other Procyonidae)</subfield>
		</datafield>
	</record>