
	<record>
		<leader>00929cz   2200217n  4500</leader>
		<controlfield tag="001">sh2001005605</controlfield>
		<controlfield tag="003">DLC</controlfield>
		<controlfield tag="005">20010904142122.0</controlfield>
		<controlfield tag="008">010717|| anannbabn          |a ana     c</controlfield>
		<datafield tag="010" ind1=" " ind2=" ">
			<subfield code="a">sh2001005605</subfield>
		</datafield>
		<datafield tag="040" ind1=" " ind2=" ">
			<subfield code="a">NjP</subfield>
			<subfield code="b">eng</subfield>
			<subfield code="c">DLC</subfield>
		</datafield>
		<datafield tag="110" ind1="2" ind2=" ">
			<subfield code="a">Castello di Aviano (Aviano, Italy : Castle)</subfield>
		</datafield>
		<datafield tag="410" ind1="2" ind2=" ">
			<subfield code="a">Aviano Castle (Aviano, Italy : Castle)</subfield>
		</datafield>
		<datafield tag="410" ind1="2" ind2=" ">
			<subfield code="a">Castello d'Aviano (Aviano, Italy : Castle)</subfield>
		</datafield>
		<datafield tag="550" ind1=" " ind2=" ">
			<subfield code="w">g</subfield>
			<subfield code="a">Castles</subfield>
			<subfield code="z">Italy</subfield>
		</datafield>
		<datafield tag="670" ind1=" " ind2=" ">
			<subfield code="a">Work cat: Altan, M.G. Castello d'Aviano, 1998:</subfield>
			<subfield code="b">p. 5 (Castello di Aviano)</subfield>
		</datafield>
		<datafield tag="670" ind1=" " ind2=" ">
			<subfield code="a">Friuli Venezia Giulia, 5th ed.:</subfield>
			<subfield code="b">p. 433 (Castello d'Aviano)</subfield>
		</datafield>
		<datafield tag="670" ind1=" " ind2=" ">
			<subfield code="a">Pordenone, Italy WWW site, July 6, 2001</subfield>
			<subfield code="b">(Castello di Aviano; in section of city called Castel d'Aviano)</subfield>
		</datafield>
		<datafield tag="670" ind1=" " ind2=" ">
			<subfield code="a">Avianonline WWW site, July 6, 2001</subfield>
			<subfield code="b">(Castello)</subfield>
		</datafield>
		<datafield tag="670" ind1=" " ind2=" ">
			<subfield code="a">CiaoVenezia WWW site, July 6, 2001</subfield>
			<subfield code="b">(Castello di Aviano)</subfield>
		</datafield>
		<datafield tag="670" ind1=" " ind2=" ">
			<subfield code="a">GEOnet, Aug. 13, 2001</subfield>
			<subfield code="b">(Castello d'Aviano, ppl; variant: Aviano-Castello)</subfield>
		</datafield>
	</record>