
	<record>
		<leader>00880cz   2200193n  4500</leader>
		<controlfield tag="001">sh2001005615</controlfield>
		<controlfield tag="003">DLC</controlfield>
		<controlfield tag="005">20010904142825.0</controlfield>
		<controlfield tag="008">010717|| anannbabn          |a ana     c</controlfield>
		<datafield tag="010" ind1=" " ind2=" ">
			<subfield code="a">sh2001005615</subfield>
		</datafield>
		<datafield tag="040" ind1=" " ind2=" ">
			<subfield code="a">DGPO</subfield>
			<subfield code="b">eng</subfield>
			<subfield code="c">DLC</subfield>
		</datafield>
		<datafield tag="151" ind1=" " ind2=" ">
			<subfield code="a">Plum Creek, South Branch (Pa.)</subfield>
		</datafield>
		<datafield tag="451" ind1=" " ind2=" ">
			<subfield code="a">South Branch, Plum Creek (Pa.)</subfield>
		</datafield>
		<datafield tag="550" ind1=" " ind2=" ">
			<subfield code="w">g</subfield>
			<subfield code="a">Rivers</subfield>
			<subfield code="z">Pennsylvania</subfield>
		</datafield>
		<datafield tag="670" ind1=" " ind2=" ">
			<subfield code="a">Work cat: 2001330148: Williams, Donald R. Nutrients and organic compounds in Deer Creek ... 2001:</subfield>
			<subfield code="b">t.p. (South Branch Plum Creek in southwestern Pennsylvania) p. 1 (within the Allegheny River Basin in Indiana County)</subfield>
		</datafield>
		<datafield tag="670" ind1=" " ind2=" ">
			<subfield code="a">GNIS, PA, July 6, 2001 (South Branch Plum Creek; stream; Armstrong and Indiana counties; 40₀43ʹ13ʺN, 079₀18ʹ10ʺW)</subfield>
		</datafield>
		<datafield tag="670" ind1=" " ind2=" ">
			<subfield code="a">Rand McNally:</subfield>
			<subfield code="b">map, p. 221, K6 (Plum Creek only found)</subfield>
		</datafield>
		<datafield tag="675" ind1=" " ind2=" ">
			<subfield code="a">Lippincott;</subfield>
			<subfield code="a">Web. geog.</subfield>
		</datafield>
		<datafield tag="781" ind1=" " ind2="0">
			<subfield code="z">Pennsylvania</subfield>
			<subfield code="z">Plum Creek, South Branch</subfield>
		</datafield>
	</record>