
	<record>
		<leader>00479cz   2200157n  4500</leader>
		<controlfield tag="001">sh2001005618</controlfield>
		<controlfield tag="003">DLC</controlfield>
		<controlfield tag="005">20010904145340.0</controlfield>
		<controlfield tag="008">010712i| anannbabn          |a ana     c</controlfield>
		<datafield tag="010" ind1=" " ind2=" ">
			<subfield code="a">sh2001005618</subfield>
		</datafield>
		<datafield tag="040" ind1=" " ind2=" ">
			<subfield code="a">WaElC</subfield>
			<subfield code="b">eng</subfield>
			<subfield code="c">DLC</subfield>
		</datafield>
		<datafield tag="150" ind1=" " ind2=" ">
			<subfield code="a">African American women dramatists</subfield>
		</datafield>
		<datafield tag="450" ind1=" " ind2=" ">
			<subfield code="a">Women dramatists, African American</subfield>
		</datafield>
		<datafield tag="550" ind1=" " ind2=" ">
			<subfield code="w">g</subfield>
			<subfield code="a">Women dramatists</subfield>
			<subfield code="z">United States</subfield>
		</datafield>
		<datafield tag="670" ind1=" " ind2=" ">
			<subfield code="a">Work cat.: Black female playwrights, 1989.</subfield>
		</datafield>
		<datafield tag="670" ind1=" " ind2=" ">
			<subfield code="a">African American women playwrights, 1999.</subfield>
		</datafield>
	</record>