
	<record>
		<leader>00628cz   2200193n  4500</leader>
		<controlfield tag="001">sh2001005807</controlfield>
		<controlfield tag="003">DLC</controlfield>
		<controlfield tag="005">20010904143736.0</controlfield>
		<controlfield tag="008">010723i| anannbabn          |a ana      </controlfield>
		<datafield tag="010" ind1=" " ind2=" ">
			<subfield code="a">sh2001005807</subfield>
		</datafield>
		<datafield tag="040" ind1=" " ind2=" ">
			<subfield code="a">DLC</subfield>
			<subfield code="b">eng</subfield>
			<subfield code="c">DLC</subfield>
		</datafield>
		<datafield tag="150" ind1=" " ind2=" ">
			<subfield code="a">Mende language (Papua New Guinea)</subfield>
		</datafield>
		<datafield tag="450" ind1=" " ind2=" ">
			<subfield code="a">Kubiwat language</subfield>
		</datafield>
		<datafield tag="450" ind1=" " ind2=" ">
			<subfield code="a">Seim language</subfield>
		</datafield>
		<datafield tag="450" ind1=" " ind2=" ">
			<subfield code="a">Tau language</subfield>
		</datafield>
		<datafield tag="551" ind1=" " ind2=" ">
			<subfield code="w">g</subfield>
			<subfield code="a">Papua New Guinea</subfield>
			<subfield code="x">Languages</subfield>
		</datafield>
		<datafield tag="550" ind1=" " ind2=" ">
			<subfield code="w">g</subfield>
			<subfield code="a">Papuan languages</subfield>
		</datafield>
		<datafield tag="670" ind1=" " ind2=" ">
			<subfield code="a">Work cat.: 2001326309: Luk, 2000.</subfield>
		</datafield>
		<datafield tag="670" ind1=" " ind2=" ">
			<subfield code="a">Ethnologue WWW site, July 23, 2001</subfield>
			<subfield code="b">(Mende language: also called Seim, Tau, Kubiwat; part of the Sepik-Ramu family of languages)</subfield>
		</datafield>
	</record>