
	<record>
		<leader>01095cz   2200241n  4500</leader>
		<controlfield tag="001">sh2001007602</controlfield>
		<controlfield tag="003">DLC</controlfield>
		<controlfield tag="005">20010904144949.0</controlfield>
		<controlfield tag="008">010712i| anannbabn          |a ana      </controlfield>
		<datafield tag="010" ind1=" " ind2=" ">
			<subfield code="a">sh2001007602</subfield>
		</datafield>
		<datafield tag="040" ind1=" " ind2=" ">
			<subfield code="a">DLC</subfield>
			<subfield code="b">eng</subfield>
			<subfield code="c">DLC</subfield>
		</datafield>
		<datafield tag="053" ind1=" " ind2="0">
			<subfield code="a">LB3013.55</subfield>
		</datafield>
		<datafield tag="150" ind1=" " ind2=" ">
			<subfield code="a">School-linked human services</subfield>
		</datafield>
		<datafield tag="450" ind1=" " ind2=" ">
			<subfield code="a">Integrated school-linked services (Human services)</subfield>
		</datafield>
		<datafield tag="450" ind1=" " ind2=" ">
			<subfield code="a">School-based integrated services (Human services)</subfield>
		</datafield>
		<datafield tag="450" ind1=" " ind2=" ">
			<subfield code="a">School-linked integrated services (Human services)</subfield>
		</datafield>
		<datafield tag="450" ind1=" " ind2=" ">
			<subfield code="a">School-linked services (Human services)</subfield>
		</datafield>
		<datafield tag="550" ind1=" " ind2=" ">
			<subfield code="w">g</subfield>
			<subfield code="a">Human services</subfield>
		</datafield>
		<datafield tag="670" ind1=" " ind2=" ">
			<subfield code="a">Work cat.: 2001381491: Multi-service schools, 1998:</subfield>
			<subfield code="b">p. 9 (School-linked integrated services; school-based integrated services) p. 11 (School-linked services)</subfield>
		</datafield>
		<datafield tag="670" ind1=" " ind2=" ">
			<subfield code="a">School-linked human services, 1993.</subfield>
		</datafield>
		<datafield tag="670" ind1=" " ind2=" ">
			<subfield code="a">Integrated school-linked services for children and youth at risk, 1994.</subfield>
		</datafield>
		<datafield tag="670" ind1=" " ind2=" ">
			<subfield code="a">ERIC thes.</subfield>
			<subfield code="b">(School-linked services)</subfield>
		</datafield>
		<datafield tag="680" ind1=" " ind2=" ">
			<subfield code="i">Here are entered works on the delivery of health, family, and other social services to students and their families through the school system.</subfield>
		</datafield>
	</record>