
	<record>
		<leader>00383cz   2200133n  4500</leader>
		<controlfield tag="001">sh2001007952</controlfield>
		<controlfield tag="003">DLC</controlfield>
		<controlfield tag="005">20010904142716.0</controlfield>
		<controlfield tag="008">010723|| anannbabn          |a ana     c</controlfield>
		<datafield tag="010" ind1=" " ind2=" ">
			<subfield code="a">sh2001007952</subfield>
		</datafield>
		<datafield tag="040" ind1=" " ind2=" ">
			<subfield code="a">UkCU</subfield>
			<subfield code="b">eng</subfield>
			<subfield code="c">DLC</subfield>
		</datafield>
		<datafield tag="150" ind1=" " ind2=" ">
			<subfield code="a">Cities and towns in music</subfield>
		</datafield>
		<datafield tag="550" ind1=" " ind2=" ">
			<subfield code="w">g</subfield>
			<subfield code="a">Music</subfield>
		</datafield>
		<datafield tag="670" ind1=" " ind2=" ">
			<subfield code="a">Work cat.: Mahagonny : die Stadt als Sujet und Herausforderung des (Musik-)Theaters, 2000.</subfield>
		</datafield>
	</record>