
	<record>
		<leader>00878cz   2200157n  4500</leader>
		<controlfield tag="001">sh2001008005</controlfield>
		<controlfield tag="003">DLC</controlfield>
		<controlfield tag="005">20010904143830.0</controlfield>
		<controlfield tag="008">010723i| anannbabn          |a ana     c</controlfield>
		<datafield tag="010" ind1=" " ind2=" ">
			<subfield code="a">sh2001008005</subfield>
		</datafield>
		<datafield tag="040" ind1=" " ind2=" ">
			<subfield code="a">Uk</subfield>
			<subfield code="b">eng</subfield>
			<subfield code="c">DLC</subfield>
		</datafield>
		<datafield tag="150" ind1=" " ind2=" ">
			<subfield code="a">Motion picture camera stabilization systems</subfield>
		</datafield>
		<datafield tag="550" ind1=" " ind2=" ">
			<subfield code="w">g</subfield>
			<subfield code="a">Cinematography</subfield>
			<subfield code="x">Equipment and supplies</subfield>
		</datafield>
		<datafield tag="670" ind1=" " ind2=" ">
			<subfield code="a">Work cat: Ferrera, S. Steadicam : techniques &amp; aesthetics, 2001:</subfield>
			<subfield code="b">p. xi (Steadicam is a balancing system for the hand-held camera ... a device with a camera on top)</subfield>
		</datafield>
		<datafield tag="670" ind1=" " ind2=" ">
			<subfield code="a">Steadicam Operators Association WWW site, July 10, 2001</subfield>
			<subfield code="b">(Steadicam Frequently Asked questions. The Steadicam is a camera stabilization device that combines the image steadiness of a dolly with the freedom of movement of a hand-held shot)</subfield>
		</datafield>
		<datafield tag="670" ind1=" " ind2=" ">
			<subfield code="a">Steadicam WWW site, July 10, 2001</subfield>
			<subfield code="b">(This camera stabilization system; the various Steadicam systems)</subfield>
		</datafield>
	</record>