
	<record>
		<leader>00441cz   2200145n  4500</leader>
		<controlfield tag="001">sh2001008081</controlfield>
		<controlfield tag="003">DLC</controlfield>
		<controlfield tag="005">20010904141546.0</controlfield>
		<controlfield tag="008">010717i| anannbabn          |a ana     c</controlfield>
		<datafield tag="010" ind1=" " ind2=" ">
			<subfield code="a">sh2001008081</subfield>
		</datafield>
		<datafield tag="040" ind1=" " ind2=" ">
			<subfield code="a">WaElC</subfield>
			<subfield code="b">eng</subfield>
			<subfield code="c">DLC</subfield>
		</datafield>
		<datafield tag="150" ind1=" " ind2=" ">
			<subfield code="a">African American aged women</subfield>
		</datafield>
		<datafield tag="450" ind1=" " ind2=" ">
			<subfield code="a">Aged women, African American</subfield>
		</datafield>
		<datafield tag="550" ind1=" " ind2=" ">
			<subfield code="w">g</subfield>
			<subfield code="a">Aged women</subfield>
			<subfield code="z">United States</subfield>
		</datafield>
		<datafield tag="670" ind1=" " ind2=" ">
			<subfield code="a">Work cat.: Wilson, E.H. Hope and dignity : older Black women of the South, 1983.</subfield>
		</datafield>
	</record>