
	<record>
		<leader>00830cz   2200145n  4500</leader>
		<controlfield tag="001">sh2001008085</controlfield>
		<controlfield tag="003">DLC</controlfield>
		<controlfield tag="005">20010904143558.0</controlfield>
		<controlfield tag="008">010717 | anannbabn          |a ana     c</controlfield>
		<datafield tag="010" ind1=" " ind2=" ">
			<subfield code="a">sh2001008085</subfield>
		</datafield>
		<datafield tag="040" ind1=" " ind2=" ">
			<subfield code="a">Uk</subfield>
			<subfield code="b">eng</subfield>
			<subfield code="c">DLC</subfield>
		</datafield>
		<datafield tag="150" ind1=" " ind2=" ">
			<subfield code="a">Laverda motorcycles</subfield>
		</datafield>
		<datafield tag="550" ind1=" " ind2=" ">
			<subfield code="w">g</subfield>
			<subfield code="a">Motorcycles</subfield>
		</datafield>
		<datafield tag="670" ind1=" " ind2=" ">
			<subfield code="a">Work cat: Walker, M. Laverda twins and triples, 1999:</subfield>
			<subfield code="b">p. 7 (Laverda's first foray into the world of motorcycles can be traced back to 1947) p. 8 (Moto Laverda was legally incorporated on 13 October 1949) jkt. (Laverda is a marque with a long and sometimes troubled history) p. 169 (The future: Even though Laverda's 1999 model line-up is exclusively made up of parallel twins, it is to the year 2000 and a romised new triple that the vast majority of Laverda devotees are looking)</subfield>
		</datafield>
		<datafield tag="670" ind1=" " ind2=" ">
			<subfield code="a">Laverda WWW Site, 13 July 2001</subfield>
			<subfield code="b">(Lavarda)</subfield>
		</datafield>
	</record>