
	<record>
		<leader>01617cz   2200277n  4500</leader>
		<controlfield tag="001">sh2001008404</controlfield>
		<controlfield tag="003">DLC</controlfield>
		<controlfield tag="005">20010904145152.0</controlfield>
		<controlfield tag="008">010724i| anannbabn          |a ana      </controlfield>
		<datafield tag="010" ind1=" " ind2=" ">
			<subfield code="a">sh2001008404</subfield>
		</datafield>
		<datafield tag="040" ind1=" " ind2=" ">
			<subfield code="a">DLC</subfield>
			<subfield code="b">eng</subfield>
			<subfield code="c">DLC</subfield>
		</datafield>
		<datafield tag="053" ind1=" " ind2="0">
			<subfield code="a">QL430.5.S8</subfield>
			<subfield code="c">Zoology</subfield>
		</datafield>
		<datafield tag="150" ind1=" " ind2=" ">
			<subfield code="a">Pink conch</subfield>
		</datafield>
		<datafield tag="450" ind1=" " ind2=" ">
			<subfield code="a">Conch, Pink</subfield>
		</datafield>
		<datafield tag="450" ind1=" " ind2=" ">
			<subfield code="a">Conch, Queen</subfield>
		</datafield>
		<datafield tag="450" ind1=" " ind2=" ">
			<subfield code="a">Queen conch</subfield>
		</datafield>
		<datafield tag="450" ind1=" " ind2=" ">
			<subfield code="a">Strombus gigas</subfield>
		</datafield>
		<datafield tag="550" ind1=" " ind2=" ">
			<subfield code="w">g</subfield>
			<subfield code="a">Strombus</subfield>
		</datafield>
		<datafield tag="670" ind1=" " ind2=" ">
			<subfield code="a">Work cat.: 99096260: Carstarphen, D. The conch book, 2000:</subfield>
			<subfield code="b">cover (queen conch) p. 2 (Strombus gigas)</subfield>
		</datafield>
		<datafield tag="670" ind1=" " ind2=" ">
			<subfield code="a">Common &amp; sci. names of aquatic invert. from the U.S. and Canada. Mollusks, 1998:</subfield>
			<subfield code="b">p. 80 (Strombus gigas Linnaeus 1758; queen conch) p. 226 (also commonly referred to as pink conch)</subfield>
		</datafield>
		<datafield tag="670" ind1=" " ind2=" ">
			<subfield code="a">AltaVista, July 23, 2001, FAO species ident. sheets</subfield>
			<subfield code="b">(family Strombidae; Strombus gigas; vernacular name: pink conch)</subfield>
		</datafield>
		<datafield tag="670" ind1=" " ind2=" ">
			<subfield code="a">Web. 3</subfield>
			<subfield code="b">(queen conch; a large yellowish conch (Cassis madagascarensis) with brown markings that is much used in cameo making; also: any of several other large conchs or helmet shells (as the king conch))</subfield>
		</datafield>
		<datafield tag="670" ind1=" " ind2=" ">
			<subfield code="a">Americana:</subfield>
			<subfield code="b">v. 7, p. 503 (The most common conch in Florida and the West Indies is the pink conch (Strombus gigas))</subfield>
		</datafield>
		<datafield tag="670" ind1=" " ind2=" ">
			<subfield code="a">World Book:</subfield>
			<subfield code="b">v. 4, p. 928 (In North America, the word conch most commonly means the queen conch, also called the pink conch)</subfield>
		</datafield>
		<datafield tag="670" ind1=" " ind2=" ">
			<subfield code="a">ITIS database, Aug. 9, 2001</subfield>
			<subfield code="b">(Strombus gigas; vernacular name: pink or queen conch)</subfield>
		</datafield>
		<datafield tag="670" ind1=" " ind2=" ">
			<subfield code="a">USFDA seafood list via WWW, Aug. 9, 2001</subfield>
			<subfield code="b">(Market name: conch; Sci. name: Strombus gigas; Common name: Queen conch; vernacular name: Pink conch)</subfield>
		</datafield>
	</record>