
	<record>
		<leader>00342cz   2200121n  4500</leader>
		<controlfield tag="001">sh2001008450</controlfield>
		<controlfield tag="003">DLC</controlfield>
		<controlfield tag="005">20010904144634.0</controlfield>
		<controlfield tag="008">010719 | anannbabn          |n ana      </controlfield>
		<datafield tag="010" ind1=" " ind2=" ">
			<subfield code="a">sh2001008450</subfield>
		</datafield>
		<datafield tag="040" ind1=" " ind2=" ">
			<subfield code="a">DLC</subfield>
			<subfield code="b">eng</subfield>
			<subfield code="c">DLC</subfield>
		</datafield>
		<datafield tag="150" ind1=" " ind2=" ">
			<subfield code="a">Nymphets in art</subfield>
		</datafield>
		<datafield tag="670" ind1=" " ind2=" ">
			<subfield code="a">Work cat.: 2001338487: Bramberger, A. Die Kindfrau : Lust, Provokation, Spiel, c2000.</subfield>
		</datafield>
	</record>