
	<record>
		<leader>00795cz   2200181n  4500</leader>
		<controlfield tag="001">sh2001008488</controlfield>
		<controlfield tag="003">DLC</controlfield>
		<controlfield tag="005">20010904143150.0</controlfield>
		<controlfield tag="008">010717|| anannbabn          |a ana      </controlfield>
		<datafield tag="010" ind1=" " ind2=" ">
			<subfield code="a">sh2001008488</subfield>
		</datafield>
		<datafield tag="040" ind1=" " ind2=" ">
			<subfield code="a">DLC</subfield>
			<subfield code="b">eng</subfield>
			<subfield code="c">DLC</subfield>
		</datafield>
		<datafield tag="053" ind1=" " ind2=" ">
			<subfield code="a">N6848.5.F49</subfield>
		</datafield>
		<datafield tag="150" ind1=" " ind2=" ">
			<subfield code="a">Figuration libre (Group of artists)</subfield>
		</datafield>
		<datafield tag="550" ind1=" " ind2=" ">
			<subfield code="w">g</subfield>
			<subfield code="a">Art, American</subfield>
			<subfield code="y">20th century</subfield>
		</datafield>
		<datafield tag="550" ind1=" " ind2=" ">
			<subfield code="w">g</subfield>
			<subfield code="a">Art, French</subfield>
			<subfield code="y">20th century</subfield>
		</datafield>
		<datafield tag="670" ind1=" " ind2=" ">
			<subfield code="a">Work cat.: 00697528: Laurent, T. Fun, figuration libre, graffiti dans les années 80, 2000</subfield>
			<subfield code="b">(Figuration libre, term coined by French artist Ben; painters influenced by street art and graffiti, esp. in Paris and New York City; emphasis on spontaneity, freedom of expression)</subfield>
		</datafield>
		<datafield tag="670" ind1=" " ind2=" ">
			<subfield code="a">WWW.Ben [artist] site, July 16, 2001</subfield>
			<subfield code="b">(Figuration libre, 1980-2000)</subfield>
		</datafield>
		<datafield tag="675" ind1=" " ind2=" ">
			<subfield code="a">Grove Dict. of art, 1996</subfield>
		</datafield>
	</record>