
	<record>
		<leader>00786cz   2200169n  4500</leader>
		<controlfield tag="001">sh2001008574</controlfield>
		<controlfield tag="003">DLC</controlfield>
		<controlfield tag="005">20010904143258.0</controlfield>
		<controlfield tag="008">010719|| anannbabn          |a ana      </controlfield>
		<datafield tag="010" ind1=" " ind2=" ">
			<subfield code="a">sh2001008574</subfield>
		</datafield>
		<datafield tag="040" ind1=" " ind2=" ">
			<subfield code="a">DLC</subfield>
			<subfield code="b">eng</subfield>
			<subfield code="c">DLC</subfield>
		</datafield>
		<datafield tag="151" ind1=" " ind2=" ">
			<subfield code="a">Giardino di Daniel Spoerri (Seggiano, Italy)</subfield>
		</datafield>
		<datafield tag="451" ind1=" " ind2=" ">
			<subfield code="a">Daniel Spoerri Garden (Seggiano, Italy)</subfield>
		</datafield>
		<datafield tag="451" ind1=" " ind2=" ">
			<subfield code="a">Hic terminus haeret (Seggiano, Italy: Sculpture garden)</subfield>
		</datafield>
		<datafield tag="550" ind1=" " ind2=" ">
			<subfield code="w">g</subfield>
			<subfield code="a">Gardens</subfield>
			<subfield code="z">Italy</subfield>
		</datafield>
		<datafield tag="667" ind1=" " ind2=" ">
			<subfield code="a">This heading is not valid for use as a geographic subdivision.</subfield>
		</datafield>
		<datafield tag="670" ind1=" " ind2=" ">
			<subfield code="a">Work cat.: 2001372959: Il Giardino di Daniel Spoerri, c1999:</subfield>
			<subfield code="b">folded guide (Giardino di Daniel Spoerri, a sculpture and installation as well as botanical park, managed by Fondazione "Hic Terminus Haeret") p. 8 (the garden is also called "Hic terminus haeret")</subfield>
		</datafield>
	</record>