
	<record>
		<leader>00744cz   2200181n  4500</leader>
		<controlfield tag="001">sh2001008920</controlfield>
		<controlfield tag="003">DLC</controlfield>
		<controlfield tag="005">20010904143957.0</controlfield>
		<controlfield tag="008">010720i| anannbabn          |a ana     c</controlfield>
		<datafield tag="010" ind1=" " ind2=" ">
			<subfield code="a">sh2001008920</subfield>
		</datafield>
		<datafield tag="040" ind1=" " ind2=" ">
			<subfield code="a">SiSiNL</subfield>
			<subfield code="b">eng</subfield>
			<subfield code="c">DLC</subfield>
		</datafield>
		<datafield tag="150" ind1=" " ind2=" ">
			<subfield code="a">National Day (Singapore)</subfield>
		</datafield>
		<datafield tag="450" ind1=" " ind2=" ">
			<subfield code="a">Independence Day (Singapore)</subfield>
		</datafield>
		<datafield tag="550" ind1=" " ind2=" ">
			<subfield code="w">g</subfield>
			<subfield code="a">Holidays</subfield>
			<subfield code="z">Singapore</subfield>
		</datafield>
		<datafield tag="551" ind1=" " ind2=" ">
			<subfield code="w">g</subfield>
			<subfield code="a">Singapore</subfield>
			<subfield code="x">Anniversaries, etc.</subfield>
		</datafield>
		<datafield tag="670" ind1=" " ind2=" ">
			<subfield code="a">Work cat.: Republic of Singapore National Day Parade : 9th August 1984 : souvenir programme.</subfield>
		</datafield>
		<datafield tag="670" ind1=" " ind2=" ">
			<subfield code="a">Web site Christian connections, Aug. 13, 2001</subfield>
			<subfield code="b">(Asian-Australian multicultural calendar: August 9, Independence Day, Singapore)</subfield>
		</datafield>
		<datafield tag="670" ind1=" " ind2=" ">
			<subfield code="a">Website Garflag.com, Aug. 13, 2001</subfield>
			<subfield code="b">(August calendar: August 9, Singapore, National Day)</subfield>
		</datafield>
	</record>