
	<record>
		<leader>00255cz   2200109n  4500</leader>
		<controlfield tag="001">sh2001008922</controlfield>
		<controlfield tag="003">DLC</controlfield>
		<controlfield tag="005">20010904144105.0</controlfield>
		<controlfield tag="008">010720|| anannbabn          |n ana      </controlfield>
		<datafield tag="010" ind1=" " ind2=" ">
			<subfield code="a">sh2001008922</subfield>
		</datafield>
		<datafield tag="040" ind1=" " ind2=" ">
			<subfield code="a">DLC</subfield>
			<subfield code="b">eng</subfield>
			<subfield code="c">DLC</subfield>
		</datafield>
		<datafield tag="151" ind1=" " ind2=" ">
			<subfield code="a">Singapore</subfield>
			<subfield code="x">Anniversaries, etc.</subfield>
		</datafield>
	</record>