
	<record>
		<leader>00446cz   2200145n  4500</leader>
		<controlfield tag="001">sh2001008925</controlfield>
		<controlfield tag="003">DLC</controlfield>
		<controlfield tag="005">20010904143656.0</controlfield>
		<controlfield tag="008">010720i| anannbabn          |a ana     c</controlfield>
		<datafield tag="010" ind1=" " ind2=" ">
			<subfield code="a">sh2001008925</subfield>
		</datafield>
		<datafield tag="040" ind1=" " ind2=" ">
			<subfield code="a">SiSiNL</subfield>
			<subfield code="b">eng</subfield>
			<subfield code="c">DLC</subfield>
		</datafield>
		<datafield tag="150" ind1=" " ind2=" ">
			<subfield code="a">Malaysian poetry (Chinese)</subfield>
		</datafield>
		<datafield tag="450" ind1=" " ind2=" ">
			<subfield code="a">Chinese poetry</subfield>
			<subfield code="z">Malaysia</subfield>
		</datafield>
		<datafield tag="550" ind1=" " ind2=" ">
			<subfield code="w">g</subfield>
			<subfield code="a">Malaysian literature (Chinese)</subfield>
		</datafield>
		<datafield tag="670" ind1=" " ind2=" ">
			<subfield code="a">Work cat.: Tang, E.T. The development of Malaysian Chinese poetry : 1945-1969, 1990.</subfield>
		</datafield>
	</record>