
	<record>
		<leader>00256cz   2200109n  4500</leader>
		<controlfield tag="001">sh2001008926</controlfield>
		<controlfield tag="003">DLC</controlfield>
		<controlfield tag="005">20010904145415.0</controlfield>
		<controlfield tag="008">010726|| anannbabn          |n ana      </controlfield>
		<datafield tag="010" ind1=" " ind2=" ">
			<subfield code="a">sh2001008926</subfield>
		</datafield>
		<datafield tag="040" ind1=" " ind2=" ">
			<subfield code="a">DLC</subfield>
			<subfield code="b">eng</subfield>
			<subfield code="c">DLC</subfield>
		</datafield>
		<datafield tag="150" ind1=" " ind2=" ">
			<subfield code="a">Women dramatists</subfield>
			<subfield code="z">United States</subfield>
		</datafield>
	</record>