
	<record>
		<leader>00561cz   2200157n  4500</leader>
		<controlfield tag="001">sh2001008928</controlfield>
		<controlfield tag="003">DLC</controlfield>
		<controlfield tag="005">20010904074900.0</controlfield>
		<controlfield tag="008">010823|| anannbabn          |a ana     c</controlfield>
		<datafield tag="010" ind1=" " ind2=" ">
			<subfield code="a">sh2001008928</subfield>
		</datafield>
		<datafield tag="040" ind1=" " ind2=" ">
			<subfield code="a">SiSiNL</subfield>
			<subfield code="b">eng</subfield>
			<subfield code="c">DLC</subfield>
			<subfield code="d">DLC</subfield>
		</datafield>
		<datafield tag="151" ind1=" " ind2=" ">
			<subfield code="a">Jurong Industrial Estate (Singapore)</subfield>
		</datafield>
		<datafield tag="550" ind1=" " ind2=" ">
			<subfield code="w">g</subfield>
			<subfield code="a">Industrial districts</subfield>
			<subfield code="z">Singapore</subfield>
		</datafield>
		<datafield tag="670" ind1=" " ind2=" ">
			<subfield code="a">Work cat.: Lim, P.T. Industrial land availability in Jurong, 1970.</subfield>
		</datafield>
		<datafield tag="670" ind1=" " ind2=" ">
			<subfield code="a">GEOnet, July 20, 2001</subfield>
			<subfield code="b">(Jurong Industrial Estate; INDSi; 01₀19ʹ13ʺN, 103₀41ʹ37ʺE)</subfield>
		</datafield>
		<datafield tag="781" ind1=" " ind2="0">
			<subfield code="z">Singapore</subfield>
			<subfield code="z">Jurong Industrial Estate</subfield>
		</datafield>
	</record>