
	<record>
		<leader>00681cz   2200181n  4500</leader>
		<controlfield tag="001">sh2001008932</controlfield>
		<controlfield tag="003">DLC</controlfield>
		<controlfield tag="005">20010904143442.0</controlfield>
		<controlfield tag="008">010726|| anannbabn          |a ana     c</controlfield>
		<datafield tag="010" ind1=" " ind2=" ">
			<subfield code="a">sh2001008932</subfield>
		</datafield>
		<datafield tag="040" ind1=" " ind2=" ">
			<subfield code="a">SiSiNL</subfield>
			<subfield code="b">eng</subfield>
			<subfield code="c">DLC</subfield>
		</datafield>
		<datafield tag="151" ind1=" " ind2=" ">
			<subfield code="a">Kabili-Sepilok Forest Reserve (Sabah)</subfield>
		</datafield>
		<datafield tag="451" ind1=" " ind2=" ">
			<subfield code="a">Hutan Simpan Kabili-Sepilok (Sabah)</subfield>
		</datafield>
		<datafield tag="550" ind1=" " ind2=" ">
			<subfield code="w">g</subfield>
			<subfield code="a">Forest reserves</subfield>
			<subfield code="z">Malaysia</subfield>
		</datafield>
		<datafield tag="550" ind1=" " ind2=" ">
			<subfield code="w">g</subfield>
			<subfield code="a">National parks and reserves</subfield>
			<subfield code="z">Malaysia</subfield>
		</datafield>
		<datafield tag="670" ind1=" " ind2=" ">
			<subfield code="a">Work cat.: Fox, J.E.D. Handbook to Kabili-Sepilok Forest Reserve, 1973.</subfield>
		</datafield>
		<datafield tag="670" ind1=" " ind2=" ">
			<subfield code="a">GEOnet, July 20, 2001</subfield>
			<subfield code="b">(Kabili-Sepilok, Hutan Simpan; Resf.; 05₀50ʹ00ʺN, 117₀56ʹ00ʺE)</subfield>
		</datafield>
		<datafield tag="781" ind1=" " ind2="0">
			<subfield code="z">Malaysia</subfield>
			<subfield code="z">Kabili-Sepilok Forest Reserve (Sabah)</subfield>
		</datafield>
	</record>