
	<record>
		<leader>00521cz   2200145n  4500</leader>
		<controlfield tag="001">sh2001009067</controlfield>
		<controlfield tag="003">DLC</controlfield>
		<controlfield tag="005">20010904144143.0</controlfield>
		<controlfield tag="008">010723|| anannbabn          |a ana     c</controlfield>
		<datafield tag="010" ind1=" " ind2=" ">
			<subfield code="a">sh2001009067</subfield>
		</datafield>
		<datafield tag="040" ind1=" " ind2=" ">
			<subfield code="a">SiSiNL</subfield>
			<subfield code="b">eng</subfield>
			<subfield code="c">DLC</subfield>
		</datafield>
		<datafield tag="150" ind1=" " ind2=" ">
			<subfield code="a">National Youth Service Awards (Singapore)</subfield>
		</datafield>
		<datafield tag="550" ind1=" " ind2=" ">
			<subfield code="w">g</subfield>
			<subfield code="a">Young volunteers in community development</subfield>
			<subfield code="x">Awards</subfield>
			<subfield code="z">Singapore</subfield>
		</datafield>
		<datafield tag="550" ind1=" " ind2=" ">
			<subfield code="w">g</subfield>
			<subfield code="a">Young volunteers in social service</subfield>
			<subfield code="x">Awards</subfield>
			<subfield code="z">Singapore</subfield>
		</datafield>
		<datafield tag="670" ind1=" " ind2=" ">
			<subfield code="a">Work cat.: Pride of youth : National Youth Service Awards tenth anniversary, 1985.</subfield>
		</datafield>
	</record>