
	<record>
		<leader>00274cz   2200109n  4500</leader>
		<controlfield tag="001">sh2001009068</controlfield>
		<controlfield tag="003">DLC</controlfield>
		<controlfield tag="005">20010904144217.0</controlfield>
		<controlfield tag="008">010723i| anannbabn          |n ana      </controlfield>
		<datafield tag="010" ind1=" " ind2=" ">
			<subfield code="a">sh2001009068</subfield>
		</datafield>
		<datafield tag="040" ind1=" " ind2=" ">
			<subfield code="a">DLC</subfield>
			<subfield code="b">eng</subfield>
			<subfield code="c">DLC</subfield>
		</datafield>
		<datafield tag="150" ind1=" " ind2=" ">
			<subfield code="a">Young volunteers in community development</subfield>
			<subfield code="x">Awards</subfield>
		</datafield>
	</record>