
	<record>
		<leader>00278cz   2200109n  4500</leader>
		<controlfield tag="001">sh2001009071</controlfield>
		<controlfield tag="003">DLC</controlfield>
		<controlfield tag="005">20010904144405.0</controlfield>
		<controlfield tag="008">010723|| anannbabn          |n ana      </controlfield>
		<datafield tag="010" ind1=" " ind2=" ">
			<subfield code="a">sh2001009071</subfield>
		</datafield>
		<datafield tag="040" ind1=" " ind2=" ">
			<subfield code="a">DLC</subfield>
			<subfield code="b">eng</subfield>
			<subfield code="c">DLC</subfield>
		</datafield>
		<datafield tag="150" ind1=" " ind2=" ">
			<subfield code="a">Young volunteers in social service</subfield>
			<subfield code="x">Awards</subfield>
			<subfield code="z">Singapore</subfield>
		</datafield>
	</record>