
	<record>
		<leader>00253cz   2200109n  4500</leader>
		<controlfield tag="001">sh2001009248</controlfield>
		<controlfield tag="003">DLC</controlfield>
		<controlfield tag="005">20010904142210.0</controlfield>
		<controlfield tag="008">010820i| anannbabn          |n ana      </controlfield>
		<datafield tag="010" ind1=" " ind2=" ">
			<subfield code="a">sh2001009248</subfield>
		</datafield>
		<datafield tag="040" ind1=" " ind2=" ">
			<subfield code="a">DLC</subfield>
			<subfield code="b">eng</subfield>
			<subfield code="c">DLC</subfield>
		</datafield>
		<datafield tag="150" ind1=" " ind2=" ">
			<subfield code="a">Telecommunication</subfield>
			<subfield code="x">Standards</subfield>
		</datafield>
	</record>