
	<record>
		<leader>00257cz   2200109n  4500</leader>
		<controlfield tag="001">sh2001009451</controlfield>
		<controlfield tag="003">DLC</controlfield>
		<controlfield tag="005">20010907094014.0</controlfield>
		<controlfield tag="008">010824|| anannbabn          |n ana      </controlfield>
		<datafield tag="010" ind1=" " ind2=" ">
			<subfield code="a">sh2001009451</subfield>
		</datafield>
		<datafield tag="040" ind1=" " ind2=" ">
			<subfield code="a">DLC</subfield>
			<subfield code="b">eng</subfield>
			<subfield code="c">DLC</subfield>
		</datafield>
		<datafield tag="150" ind1=" " ind2=" ">
			<subfield code="a">Railroad stations</subfield>
			<subfield code="z">Massachusetts</subfield>
		</datafield>
	</record>
</collection>
